@inproceedings{Unit_Scaling,
  author       = {Charlie Blake and
                  Douglas Orr and
                  Carlo Luschi},
  editor       = {Andreas Krause and
                  Emma Brunskill and
                  Kyunghyun Cho and
                  Barbara Engelhardt and
                  Sivan Sabato and
                  Jonathan Scarlett},
  title        = {Unit Scaling: Out-of-the-Box Low-Precision Training},
  booktitle    = {International Conference on Machine Learning, {ICML} 2023, 23-29 July
                  2023, Honolulu, Hawaii, {USA}},
  series       = {Proceedings of Machine Learning Research},
  volume       = {202},
  pages        = {2548--2576},
  publisher    = {{PMLR}},
  year         = {2023},
  url          = {https://proceedings.mlr.press/v202/blake23a.html},
  timestamp    = {Mon, 28 Aug 2023 17:23:08 +0200},
  biburl       = {https://dblp.org/rec/conf/icml/BlakeOL23.bib},
  bibsource    = {dblp computer science bibliography, https://dblp.org}
}

@article{Tensor_Programs_I,
  author       = {Greg Yang},
  title        = {Tensor Programs {I:} {Wide} Feedforward or Recurrent Neural Networks
                  of Any Architecture are {Gaussian} Processes},
  journal      = {CoRR},
  volume       = {abs/1910.12478},
  year         = {2019},
  url          = {http://arxiv.org/abs/1910.12478},
  eprinttype    = {arXiv},
  eprint       = {1910.12478},
  timestamp    = {Thu, 31 Oct 2019 14:02:26 +0100},
  biburl       = {https://dblp.org/rec/journals/corr/abs-1910-12478.bib},
  bibsource    = {dblp computer science bibliography, https://dblp.org}
}

@article{Tensor_Programs_II,
  author       = {Greg Yang},
  title        = {Tensor Programs {II:} {Neural} Tangent Kernel for Any Architecture},
  journal      = {CoRR},
  volume       = {abs/2006.14548},
  year         = {2020},
  url          = {https://arxiv.org/abs/2006.14548},
  eprinttype    = {arXiv},
  eprint       = {2006.14548},
  timestamp    = {Thu, 02 Jul 2020 14:42:48 +0200},
  biburl       = {https://dblp.org/rec/journals/corr/abs-2006-14548.bib},
  bibsource    = {dblp computer science bibliography, https://dblp.org}
}

@inproceedings{Tensor_Programs_IIb,
  author       = {Greg Yang and
                  Etai Littwin},
  editor       = {Marina Meila and
                  Tong Zhang},
  title        = {Tensor Programs {IIb}: Architectural Universality Of Neural Tangent Kernel Training Dynamics},
  booktitle    = {Proceedings of the 38th International Conference on Machine Learning,
                  {ICML} 2021, 18-24 July 2021, Virtual Event},
  series       = {Proceedings of Machine Learning Research},
  volume       = {139},
  pages        = {11762--11772},
  publisher    = {{PMLR}},
  year         = {2021},
  url          = {http://proceedings.mlr.press/v139/yang21f.html},
  timestamp    = {Wed, 25 Aug 2021 17:11:17 +0200},
  biburl       = {https://dblp.org/rec/conf/icml/YangL21a.bib},
  bibsource    = {dblp computer science bibliography, https://dblp.org}
}

@article{Tensor_Programs_III,
  author       = {Greg Yang},
  title        = {Tensor Programs {III:} {Neural} Matrix Laws},
  journal      = {CoRR},
  volume       = {abs/2009.10685},
  year         = {2020},
  url          = {https://arxiv.org/abs/2009.10685},
  eprinttype    = {arXiv},
  eprint       = {2009.10685},
  timestamp    = {Wed, 23 Sep 2020 15:51:46 +0200},
  biburl       = {https://dblp.org/rec/journals/corr/abs-2009-10685.bib},
  bibsource    = {dblp computer science bibliography, https://dblp.org}
}

@inproceedings{Tensor_Programs_IV,
  author       = {Greg Yang and
                  Edward J. Hu},
  editor       = {Marina Meila and
                  Tong Zhang},
  title        = {Tensor Programs {IV:} {Feature} Learning in Infinite-Width Neural Networks},
  booktitle    = {Proceedings of the 38th International Conference on Machine Learning,
                  {ICML} 2021, 18-24 July 2021, Virtual Event},
  series       = {Proceedings of Machine Learning Research},
  volume       = {139},
  pages        = {11727--11737},
  publisher    = {{PMLR}},
  year         = {2021},
  url          = {http://proceedings.mlr.press/v139/yang21c.html},
  timestamp    = {Wed, 25 Aug 2021 17:11:17 +0200},
  biburl       = {https://dblp.org/rec/conf/icml/YangH21.bib},
  bibsource    = {dblp computer science bibliography, https://dblp.org}
}

@article{Tensor_Programs_IVb,
  author       = {Greg Yang and
                  Etai Littwin},
  title        = {Tensor Programs {IVb}: Adaptive Optimization in the Infinite-Width Limit},
  journal      = {CoRR},
  volume       = {abs/2308.01814},
  year         = {2023},
  url          = {https://doi.org/10.48550/arXiv.2308.01814},
  doi          = {10.48550/ARXIV.2308.01814},
  eprinttype    = {arXiv},
  eprint       = {2308.01814},
  timestamp    = {Mon, 21 Aug 2023 17:38:10 +0200},
  biburl       = {https://dblp.org/rec/journals/corr/abs-2308-01814.bib},
  bibsource    = {dblp computer science bibliography, https://dblp.org}
}

@article{Tensor_Programs_V,
  author       = {Greg Yang and
                  Edward J. Hu and
                  Igor Babuschkin and
                  Szymon Sidor and
                  Xiaodong Liu and
                  David Farhi and
                  Nick Ryder and
                  Jakub Pachocki and
                  Weizhu Chen and
                  Jianfeng Gao},
  title        = {Tensor Programs {V:} {Tuning} Large Neural Networks via Zero-Shot Hyperparameter
                  Transfer},
  journal      = {CoRR},
  volume       = {abs/2203.03466},
  year         = {2022},
  url          = {https://doi.org/10.48550/arXiv.2203.03466},
  doi          = {10.48550/ARXIV.2203.03466},
  eprinttype    = {arXiv},
  eprint       = {2203.03466},
  timestamp    = {Thu, 11 Apr 2024 13:33:57 +0200},
  biburl       = {https://dblp.org/rec/journals/corr/abs-2203-03466.bib},
  bibsource    = {dblp computer science bibliography, https://dblp.org}
}

@article{Tensor_Programs_VI,
  author       = {Greg Yang and
                  Dingli Yu and
                  Chen Zhu and
                  Soufiane Hayou},
  title        = {Tensor Programs {VI:} {Feature} Learning in Infinite-Depth Neural Networks},
  journal      = {CoRR},
  volume       = {abs/2310.02244},
  year         = {2023},
  url          = {https://doi.org/10.48550/arXiv.2310.02244},
  doi          = {10.48550/ARXIV.2310.02244},
  eprinttype    = {arXiv},
  eprint       = {2310.02244},
  timestamp    = {Thu, 19 Oct 2023 13:12:52 +0200},
  biburl       = {https://dblp.org/rec/journals/corr/abs-2310-02244.bib},
  bibsource    = {dblp computer science bibliography, https://dblp.org}
}

@article{FP8_Formats,
  author       = {Paulius Micikevicius and
                  Dusan Stosic and
                  Neil Burgess and
                  Marius Cornea and
                  Pradeep Dubey and
                  Richard Grisenthwaite and
                  Sangwon Ha and
                  Alexander Heinecke and
                  Patrick Judd and
                  John Kamalu and
                  Naveen Mellempudi and
                  Stuart F. Oberman and
                  Mohammad Shoeybi and
                  Michael Y. Siu and
                  Hao Wu},
  title        = {{FP8} Formats for Deep Learning},
  journal      = {CoRR},
  volume       = {abs/2209.05433},
  year         = {2022},
  url          = {https://doi.org/10.48550/arXiv.2209.05433},
  doi          = {10.48550/ARXIV.2209.05433},
  eprinttype    = {arXiv},
  eprint       = {2209.05433},
  timestamp    = {Tue, 27 Sep 2022 16:29:43 +0200},
  biburl       = {https://dblp.org/rec/journals/corr/abs-2209-05433.bib},
  bibsource    = {dblp computer science bibliography, https://dblp.org}
}

@article{GPTQ,
  author       = {Elias Frantar and
                  Saleh Ashkboos and
                  Torsten Hoefler and
                  Dan Alistarh},
  title        = {{GPTQ:} Accurate Post-Training Quantization for Generative Pre-trained
                  Transformers},
  journal      = {CoRR},
  volume       = {abs/2210.17323},
  year         = {2022},
  url          = {https://doi.org/10.48550/arXiv.2210.17323},
  doi          = {10.48550/ARXIV.2210.17323},
  eprinttype    = {arXiv},
  eprint       = {2210.17323},
  timestamp    = {Thu, 03 Nov 2022 09:50:24 +0100},
  biburl       = {https://dblp.org/rec/journals/corr/abs-2210-17323.bib},
  bibsource    = {dblp computer science bibliography, https://dblp.org}
}

@misc{Transformer_Engine,
  author = {NVIDIA},
  title = {{Transformer Engine}},
  year = {2024},
  publisher = {GitHub},
  journal = {GitHub repository},
  howpublished = {\url{https://github.com/NVIDIA/TransformerEngine}},
}

@misc{FP8_Transformer_Engine,
  title = {Using {FP8} with Transformer Engine},
  author = {NVIDIA},
  year         = {2024},
  howpublished = {\url{https://docs.nvidia.com/deeplearning/transformer-engine/user-guide/examples/fp8_primer.html}}
}

@misc{cuBLAS_8-bit_API,
  author = {NVIDIA},
  title = {{cuBLAS} 8-bit {API}},
  year = {2024},
  howpublished = {\url{https://docs.nvidia.com/cuda/cublas/index.html#bit-floating-point-data-types-fp8-usage}},
}

@article{FP8-LM,
  author       = {Houwen Peng and
                  Kan Wu and
                  Yixuan Wei and
                  Guoshuai Zhao and
                  Yuxiang Yang and
                  Ze Liu and
                  Yifan Xiong and
                  Ziyue Yang and
                  Bolin Ni and
                  Jingcheng Hu and
                  Ruihang Li and
                  Miaosen Zhang and
                  Chen Li and
                  Jia Ning and
                  Ruizhe Wang and
                  Zheng Zhang and
                  Shuguang Liu and
                  Joe Chau and
                  Han Hu and
                  Peng Cheng},
  title        = {{FP8-LM:} Training {FP8} Large Language Models},
  journal      = {CoRR},
  volume       = {abs/2310.18313},
  year         = {2023},
  url          = {https://doi.org/10.48550/arXiv.2310.18313},
  doi          = {10.48550/ARXIV.2310.18313},
  eprinttype    = {arXiv},
  eprint       = {2310.18313},
  timestamp    = {Fri, 10 Nov 2023 21:09:26 +0100},
  biburl       = {https://dblp.org/rec/journals/corr/abs-2310-18313.bib},
  bibsource    = {dblp computer science bibliography, https://dblp.org}
}

@article{Llama,
  author       = {Hugo Touvron and
                  Thibaut Lavril and
                  Gautier Izacard and
                  Xavier Martinet and
                  Marie{-}Anne Lachaux and
                  Timoth{\'{e}}e Lacroix and
                  Baptiste Rozi{\`{e}}re and
                  Naman Goyal and
                  Eric Hambro and
                  Faisal Azhar and
                  Aur{\'{e}}lien Rodriguez and
                  Armand Joulin and
                  Edouard Grave and
                  Guillaume Lample},
  title        = {LLaMA: Open and Efficient Foundation Language Models},
  journal      = {CoRR},
  volume       = {abs/2302.13971},
  year         = {2023},
  url          = {https://doi.org/10.48550/arXiv.2302.13971},
  doi          = {10.48550/ARXIV.2302.13971},
  eprinttype    = {arXiv},
  eprint       = {2302.13971},
  timestamp    = {Mon, 28 Aug 2023 21:26:20 +0200},
  biburl       = {https://dblp.org/rec/journals/corr/abs-2302-13971.bib},
  bibsource    = {dblp computer science bibliography, https://dblp.org}
}

@article{Llama_2,
  author       = {Hugo Touvron and
                  Louis Martin and
                  Kevin Stone and
                  Peter Albert and
                  Amjad Almahairi and
                  Yasmine Babaei and
                  Nikolay Bashlykov and
                  Soumya Batra and
                  Prajjwal Bhargava and
                  Shruti Bhosale and
                  Dan Bikel and
                  Lukas Blecher and
                  Cristian Canton{-}Ferrer and
                  Moya Chen and
                  Guillem Cucurull and
                  David Esiobu and
                  Jude Fernandes and
                  Jeremy Fu and
                  Wenyin Fu and
                  Brian Fuller and
                  Cynthia Gao and
                  Vedanuj Goswami and
                  Naman Goyal and
                  Anthony Hartshorn and
                  Saghar Hosseini and
                  Rui Hou and
                  Hakan Inan and
                  Marcin Kardas and
                  Viktor Kerkez and
                  Madian Khabsa and
                  Isabel Kloumann and
                  Artem Korenev and
                  Punit Singh Koura and
                  Marie{-}Anne Lachaux and
                  Thibaut Lavril and
                  Jenya Lee and
                  Diana Liskovich and
                  Yinghai Lu and
                  Yuning Mao and
                  Xavier Martinet and
                  Todor Mihaylov and
                  Pushkar Mishra and
                  Igor Molybog and
                  Yixin Nie and
                  Andrew Poulton and
                  Jeremy Reizenstein and
                  Rashi Rungta and
                  Kalyan Saladi and
                  Alan Schelten and
                  Ruan Silva and
                  Eric Michael Smith and
                  Ranjan Subramanian and
                  Xiaoqing Ellen Tan and
                  Binh Tang and
                  Ross Taylor and
                  Adina Williams and
                  Jian Xiang Kuan and
                  Puxin Xu and
                  Zheng Yan and
                  Iliyan Zarov and
                  Yuchen Zhang and
                  Angela Fan and
                  Melanie Kambadur and
                  Sharan Narang and
                  Aur{\'{e}}lien Rodriguez and
                  Robert Stojnic and
                  Sergey Edunov and
                  Thomas Scialom},
  title        = {Llama 2: Open Foundation and Fine-Tuned Chat Models},
  journal      = {CoRR},
  volume       = {abs/2307.09288},
  year         = {2023},
  url          = {https://doi.org/10.48550/arXiv.2307.09288},
  doi          = {10.48550/ARXIV.2307.09288},
  eprinttype    = {arXiv},
  eprint       = {2307.09288},
  timestamp    = {Mon, 28 Aug 2023 21:26:22 +0200},
  biburl       = {https://dblp.org/rec/journals/corr/abs-2307-09288.bib},
  bibsource    = {dblp computer science bibliography, https://dblp.org}
}

@misc{RedPajama,
  author = {Together Computer},
  title = {RedPajama: an Open Dataset for Training Large Language Models},
  year = {2023},
  url = {https://github.com/togethercomputer/RedPajama-Data}
}

@article{SlimPajama,
  author       = {Zhiqiang Shen and
                  Tianhua Tao and
                  Liqun Ma and
                  Willie Neiswanger and
                  Zhengzhong Liu and
                  Hongyi Wang and
                  Bowen Tan and
                  Joel Hestness and
                  Natalia Vassilieva and
                  Daria Soboleva and
                  Eric P. Xing},
  title        = {{SlimPajama-DC}: Understanding Data Combinations for {LLM} Training},
  journal      = {CoRR},
  volume       = {abs/2309.10818},
  year         = {2023},
  url          = {https://doi.org/10.48550/arXiv.2309.10818},
  doi          = {10.48550/ARXIV.2309.10818},
  eprinttype    = {arXiv},
  eprint       = {2309.10818},
  timestamp    = {Wed, 06 Dec 2023 16:16:18 +0100},
  biburl       = {https://dblp.org/rec/journals/corr/abs-2309-10818.bib},
  bibsource    = {dblp computer science bibliography, https://dblp.org}
}

@inproceedings{QLoRA,
  author       = {Tim Dettmers and
                  Artidoro Pagnoni and
                  Ari Holtzman and
                  Luke Zettlemoyer},
  editor       = {Alice Oh and
                  Tristan Naumann and
                  Amir Globerson and
                  Kate Saenko and
                  Moritz Hardt and
                  Sergey Levine},
  title        = {{QLoRA}: Efficient Finetuning of Quantized {LLMs}},
  booktitle    = {Advances in Neural Information Processing Systems 36: Annual Conference
                  on Neural Information Processing Systems 2023, NeurIPS 2023, New Orleans,
                  LA, USA, December 10 - 16, 2023},
  year         = {2023},
  url          = {http://papers.nips.cc/paper\_files/paper/2023/hash/1feb87871436031bdc0f2beaa62a049b-Abstract-Conference.html},
  timestamp    = {Fri, 01 Mar 2024 16:26:19 +0100},
  biburl       = {https://dblp.org/rec/conf/nips/DettmersPHZ23.bib},
  bibsource    = {dblp computer science bibliography, https://dblp.org}
}


@article{Cerebras_GPT,
  author       = {Nolan Dey and
                  Gurpreet Gosal and
                  Zhiming Chen and
                  Hemant Khachane and
                  William Marshall and
                  Ribhu Pathria and
                  Marvin Tom and
                  Joel Hestness},
  title        = {{Cerebras-GPT}: Open Compute-Optimal Language Models Trained on the
                  Cerebras Wafer-Scale Cluster},
  journal      = {CoRR},
  volume       = {abs/2304.03208},
  year         = {2023},
  url          = {https://doi.org/10.48550/arXiv.2304.03208},
  doi          = {10.48550/ARXIV.2304.03208},
  eprinttype    = {arXiv},
  eprint       = {2304.03208},
  timestamp    = {Tue, 18 Apr 2023 17:25:12 +0200},
  biburl       = {https://dblp.org/rec/journals/corr/abs-2304-03208.bib},
  bibsource    = {dblp computer science bibliography, https://dblp.org}
}

@article{BTLM,
  author       = {Nolan Dey and
                  Daria Soboleva and
                  Faisal Al{-}Khateeb and
                  Bowen Yang and
                  Ribhu Pathria and
                  Hemant Khachane and
                  Shaheer Muhammad and
                  Zhiming Chen and
                  Robert Myers and
                  Jacob Robert Steeves and
                  Natalia Vassilieva and
                  Marvin Tom and
                  Joel Hestness},
  title        = {{BTLM-3B-8K:} {7B} Parameter Performance in a {3B} Parameter Model},
  journal      = {CoRR},
  volume       = {abs/2309.11568},
  year         = {2023},
  url          = {https://doi.org/10.48550/arXiv.2309.11568},
  doi          = {10.48550/ARXIV.2309.11568},
  eprinttype    = {arXiv},
  eprint       = {2309.11568},
  timestamp    = {Mon, 25 Sep 2023 15:34:00 +0200},
  biburl       = {https://dblp.org/rec/journals/corr/abs-2309-11568.bib},
  bibsource    = {dblp computer science bibliography, https://dblp.org}
}

@article{Foundational_Molecular_Models,
  author       = {Dominique Beaini and
                  Shenyang Huang and
                  Joao Alex Cunha and
                  Zhiyi Li and
                  Gabriela Moisescu{-}Pareja and
                  Oleksandr Dymov and
                  Samuel Maddrell{-}Mander and
                  Callum McLean and
                  Frederik Wenkel and
                  Luis M{\"{u}}ller and
                  Jama Hussein Mohamud and
                  Ali Parviz and
                  Michael Craig and
                  Michal Koziarski and
                  Jiarui Lu and
                  Zhaocheng Zhu and
                  Cristian Gabellini and
                  Kerstin Klaser and
                  Josef Dean and
                  Cas Wognum and
                  Maciej Sypetkowski and
                  Guillaume Rabusseau and
                  Reihaneh Rabbany and
                  Jian Tang and
                  Christopher Morris and
                  Ioannis Koutis and
                  Mirco Ravanelli and
                  Guy Wolf and
                  Prudencio Tossou and
                  Hadrien Mary and
                  Therence Bois and
                  Andrew Fitzgibbon and
                  Blazej Banaszewski and
                  Chad Martin and
                  Dominic Masters},
  title        = {Towards Foundational Models for Molecular Learning on Large-Scale
                  Multi-Task Datasets},
  journal      = {CoRR},
  volume       = {abs/2310.04292},
  year         = {2023},
  url          = {https://doi.org/10.48550/arXiv.2310.04292},
  doi          = {10.48550/ARXIV.2310.04292},
  eprinttype    = {arXiv},
  eprint       = {2310.04292},
  timestamp    = {Fri, 27 Oct 2023 07:45:56 +0200},
  biburl       = {https://dblp.org/rec/journals/corr/abs-2310-04292.bib},
  bibsource    = {dblp computer science bibliography, https://dblp.org}
}

@article{Exploration_Of_Mu_Transfer,
  author       = {Lucas D. Lingle},
  title        = {A Large-Scale Exploration of {\(\mu\)}-Transfer},
  journal      = {CoRR},
  volume       = {abs/2404.05728},
  year         = {2024},
  url          = {https://doi.org/10.48550/arXiv.2404.05728},
  doi          = {10.48550/ARXIV.2404.05728},
  eprinttype    = {arXiv},
  eprint       = {2404.05728},
  timestamp    = {Wed, 15 May 2024 08:47:08 +0200},
  biburl       = {https://dblp.org/rec/journals/corr/abs-2404-05728.bib},
  bibsource    = {dblp computer science bibliography, https://dblp.org}
}

@article{Falcon,
  author       = {Ebtesam Almazrouei and
                  Hamza Alobeidli and
                  Abdulaziz Alshamsi and
                  Alessandro Cappelli and
                  Ruxandra Cojocaru and
                  M{\'{e}}rouane Debbah and
                  {\'{E}}tienne Goffinet and
                  Daniel Hesslow and
                  Julien Launay and
                  Quentin Malartic and
                  Daniele Mazzotta and
                  Badreddine Noune and
                  Baptiste Pannier and
                  Guilherme Penedo},
  title        = {The {Falcon} Series of Open Language Models},
  journal      = {CoRR},
  volume       = {abs/2311.16867},
  year         = {2023},
  url          = {https://doi.org/10.48550/arXiv.2311.16867},
  doi          = {10.48550/ARXIV.2311.16867},
  eprinttype    = {arXiv},
  eprint       = {2311.16867},
  timestamp    = {Mon, 04 Dec 2023 14:05:36 +0100},
  biburl       = {https://dblp.org/rec/journals/corr/abs-2311-16867.bib},
  bibsource    = {dblp computer science bibliography, https://dblp.org}
}

@article{GPT4,
  author       = {OpenAI},
  title        = {{GPT-4} Technical Report},
  journal      = {CoRR},
  volume       = {abs/2303.08774},
  year         = {2023},
  url          = {https://doi.org/10.48550/arXiv.2303.08774},
  doi          = {10.48550/ARXIV.2303.08774},
  eprinttype    = {arXiv},
  eprint       = {2303.08774},
  timestamp    = {Mon, 28 Aug 2023 21:26:19 +0200},
  biburl       = {https://dblp.org/rec/journals/corr/abs-2303-08774.bib},
  bibsource    = {dblp computer science bibliography, https://dblp.org}
}

@misc{Grok,
  author = {xAI},
  title = {Grok-1},
  year = {2024},
  publisher = {GitHub},
  journal = {GitHub repository},
  howpublished = {\url{https://github.com/xai-org/grok-1}},
  commit = {7050ed204b8206bb8645c7b7bbef7252f79561b0}
}

@misc{Mup_Library,
  author = {Microsoft},
  title = {Maximal Update Parametrization ($\mu${P}) and Hyperparameter Transfer ($\mu${T}ransfer)},
  year = {2024},
  publisher = {GitHub},
  journal = {GitHub repository},
  howpublished = {\url{https://github.com/microsoft/mup}},
  commit = {19814971934ef91dd546f88e913fc963e096d11c}
}

@misc{us_library,
  author = {Graphcore},
  title = {Unit Scaling},
  year = {2023},
  publisher = {GitHub},
  journal = {GitHub repository},
  howpublished = {\url{https://github.com/graphcore-research/unit-scaling}},
  commit = {0a6c9af811eeb89ad2026b7bac04d2a3f0cccc24}
}

@article{MiniCPM,
  author       = {Shengding Hu and
                  Yuge Tu and
                  Xu Han and
                  Chaoqun He and
                  Ganqu Cui and
                  Xiang Long and
                  Zhi Zheng and
                  Yewei Fang and
                  Yuxiang Huang and
                  Weilin Zhao and
                  Xinrong Zhang and
                  Zhen Leng Thai and
                  Kai Zhang and
                  Chongyi Wang and
                  Yuan Yao and
                  Chenyang Zhao and
                  Jie Zhou and
                  Jie Cai and
                  Zhongwu Zhai and
                  Ning Ding and
                  Chao Jia and
                  Guoyang Zeng and
                  Dahai Li and
                  Zhiyuan Liu and
                  Maosong Sun},
  title        = {{MiniCPM}: Unveiling the Potential of Small Language Models with Scalable Training Strategies},
  journal      = {CoRR},
  volume       = {abs/2404.06395},
  year         = {2024},
  url          = {https://doi.org/10.48550/arXiv.2404.06395},
  doi          = {10.48550/ARXIV.2404.06395},
  eprinttype    = {arXiv},
  eprint       = {2404.06395},
  timestamp    = {Wed, 15 May 2024 08:47:08 +0200},
  biburl       = {https://dblp.org/rec/journals/corr/abs-2404-06395.bib},
  bibsource    = {dblp computer science bibliography, https://dblp.org}
}

@article{LLM360,
  author       = {Zhengzhong Liu and
                  Aurick Qiao and
                  Willie Neiswanger and
                  Hongyi Wang and
                  Bowen Tan and
                  Tianhua Tao and
                  Junbo Li and
                  Yuqi Wang and
                  Suqi Sun and
                  Omkar Pangarkar and
                  Richard Fan and
                  Yi Gu and
                  Victor Miller and
                  Yonghao Zhuang and
                  Guowei He and
                  Haonan Li and
                  Fajri Koto and
                  Liping Tang and
                  Nikhil Ranjan and
                  Zhiqiang Shen and
                  Xuguang Ren and
                  Roberto Iriondo and
                  Cun Mu and
                  Zhiting Hu and
                  Mark Schulze and
                  Preslav Nakov and
                  Tim Baldwin and
                  Eric P. Xing},
  title        = {{LLM360:} {Towards} Fully Transparent Open-Source {LLMs}},
  journal      = {CoRR},
  volume       = {abs/2312.06550},
  year         = {2023},
  url          = {https://doi.org/10.48550/arXiv.2312.06550},
  doi          = {10.48550/ARXIV.2312.06550},
  eprinttype    = {arXiv},
  eprint       = {2312.06550},
  timestamp    = {Fri, 05 Jan 2024 08:03:07 +0100},
  biburl       = {https://dblp.org/rec/journals/corr/abs-2312-06550.bib},
  bibsource    = {dblp computer science bibliography, https://dblp.org}
}

@inproceedings{WikiText103,
  author       = {Stephen Merity and
                  Caiming Xiong and
                  James Bradbury and
                  Richard Socher},
  title        = {Pointer Sentinel Mixture Models},
  booktitle    = {5th International Conference on Learning Representations, {ICLR} 2017,
                  Toulon, France, April 24-26, 2017, Conference Track Proceedings},
  publisher    = {OpenReview.net},
  year         = {2017},
  url          = {https://openreview.net/forum?id=Byj72udxe},
  timestamp    = {Thu, 25 Jul 2019 14:25:57 +0200},
  biburl       = {https://dblp.org/rec/conf/iclr/MerityX0S17.bib},
  bibsource    = {dblp computer science bibliography, https://dblp.org}
}

@inproceedings{Self_Normalizing_Neural_Networks,
  author       = {G{\"{u}}nter Klambauer and
                  Thomas Unterthiner and
                  Andreas Mayr and
                  Sepp Hochreiter},
  editor       = {Isabelle Guyon and
                  Ulrike von Luxburg and
                  Samy Bengio and
                  Hanna M. Wallach and
                  Rob Fergus and
                  S. V. N. Vishwanathan and
                  Roman Garnett},
  title        = {Self-Normalizing Neural Networks},
  booktitle    = {Advances in Neural Information Processing Systems 30: Annual Conference
                  on Neural Information Processing Systems 2017, December 4-9, 2017,
                  Long Beach, CA, {USA}},
  pages        = {971--980},
  year         = {2017},
  url          = {https://proceedings.neurips.cc/paper/2017/hash/5d44ee6f2c3f71b73125876103c8f6c4-Abstract.html},
  timestamp    = {Thu, 21 Jan 2021 17:36:47 +0100},
  biburl       = {https://dblp.org/rec/conf/nips/KlambauerUMH17.bib},
  bibsource    = {dblp computer science bibliography, https://dblp.org}
}

@article{Normalized_Activation_Function,
  author       = {Peiwen Yuan and
                  Changsheng Zhu},
  title        = {Normalized Activation Function: Toward Better Convergence},
  journal      = {CoRR},
  volume       = {abs/2208.13315},
  year         = {2022},
  url          = {https://doi.org/10.48550/arXiv.2208.13315},
  doi          = {10.48550/ARXIV.2208.13315},
  eprinttype    = {arXiv},
  eprint       = {2208.13315},
  timestamp    = {Thu, 01 Sep 2022 16:26:29 +0200},
  biburl       = {https://dblp.org/rec/journals/corr/abs-2208-13315.bib},
  bibsource    = {dblp computer science bibliography, https://dblp.org}
}

@inproceedings{Difficulty_Of_Training,
  author       = {Xavier Glorot and
                  Yoshua Bengio},
  editor       = {Yee Whye Teh and
                  D. Mike Titterington},
  title        = {Understanding the difficulty of training deep feedforward neural networks},
  booktitle    = {Proceedings of the Thirteenth International Conference on Artificial
                  Intelligence and Statistics, {AISTATS} 2010, Chia Laguna Resort, Sardinia,
                  Italy, May 13-15, 2010},
  series       = {{JMLR} Proceedings},
  volume       = {9},
  pages        = {249--256},
  publisher    = {JMLR.org},
  year         = {2010},
  url          = {http://proceedings.mlr.press/v9/glorot10a.html},
  timestamp    = {Thu, 14 Oct 2021 09:27:43 +0200},
  biburl       = {https://dblp.org/rec/journals/jmlr/GlorotB10.bib},
  bibsource    = {dblp computer science bibliography, https://dblp.org}
}

@inproceedings{Delving_Deep_Into_Rectifier,
  author       = {Kaiming He and
                  Xiangyu Zhang and
                  Shaoqing Ren and
                  Jian Sun},
  title        = {Delving Deep into Rectifiers: Surpassing Human-Level Performance on
                  ImageNet Classification},
  booktitle    = {2015 {IEEE} International Conference on Computer Vision, {ICCV} 2015,
                  Santiago, Chile, December 7-13, 2015},
  pages        = {1026--1034},
  publisher    = {{IEEE} Computer Society},
  year         = {2015},
  url          = {https://doi.org/10.1109/ICCV.2015.123},
  doi          = {10.1109/ICCV.2015.123},
  timestamp    = {Thu, 23 Mar 2023 23:57:44 +0100},
  biburl       = {https://dblp.org/rec/conf/iccv/HeZRS15.bib},
  bibsource    = {dblp computer science bibliography, https://dblp.org}
}

@inproceedings{NF_ResNets,
  author       = {Andy Brock and
                  Soham De and
                  Samuel L. Smith and
                  Karen Simonyan},
  editor       = {Marina Meila and
                  Tong Zhang},
  title        = {High-Performance Large-Scale Image Recognition Without Normalization},
  booktitle    = {Proceedings of the 38th International Conference on Machine Learning,
                  {ICML} 2021, 18-24 July 2021, Virtual Event},
  series       = {Proceedings of Machine Learning Research},
  volume       = {139},
  pages        = {1059--1071},
  publisher    = {{PMLR}},
  year         = {2021},
  url          = {http://proceedings.mlr.press/v139/brock21a.html},
  timestamp    = {Wed, 25 Aug 2021 17:11:16 +0200},
  biburl       = {https://dblp.org/rec/conf/icml/BrockDSS21.bib},
  bibsource    = {dblp computer science bibliography, https://dblp.org}
}

@online{C600,
  author = {Graphcore},
  title = {{C600} {IPU-Processor PCIe Card}},
  year = {2022},
  url = {https://www.graphcore.ai/products/c600},
  urldate = {2024-05-26}
}

@online{H100,
  author = {Nvidia},
  title = {Nvidia {H100 Tensor Core GPU}},
  year = {2022},
  url = {https://www.nvidia.com/en-gb/data-center/h100},
  urldate = {2024-05-26}
}

@inproceedings{Mixed_Precision,
  author       = {Paulius Micikevicius and
                  Sharan Narang and
                  Jonah Alben and
                  Gregory F. Diamos and
                  Erich Elsen and
                  David Garc{\'{\i}}a and
                  Boris Ginsburg and
                  Michael Houston and
                  Oleksii Kuchaiev and
                  Ganesh Venkatesh and
                  Hao Wu},
  title        = {Mixed Precision Training},
  booktitle    = {6th International Conference on Learning Representations, {ICLR} 2018,
                  Vancouver, BC, Canada, April 30 - May 3, 2018, Conference Track Proceedings},
  publisher    = {OpenReview.net},
  year         = {2018},
  url          = {https://openreview.net/forum?id=r1gs9JgRZ},
  timestamp    = {Thu, 25 Jul 2019 14:26:02 +0200},
  biburl       = {https://dblp.org/rec/conf/iclr/MicikeviciusNAD18.bib},
  bibsource    = {dblp computer science bibliography, https://dblp.org}
}

@article{OpenSeq2Seq,
  author       = {Oleksii Kuchaiev and
                  Boris Ginsburg and
                  Igor Gitman and
                  Vitaly Lavrukhin and
                  Carl Case and
                  Paulius Micikevicius},
  title        = {{OpenSeq2Seq}: {Extensible} toolkit for distributed and mixed precision
                  training of sequence-to-sequence models},
  journal      = {CoRR},
  volume       = {abs/1805.10387},
  year         = {2018},
  url          = {http://arxiv.org/abs/1805.10387},
  eprinttype    = {arXiv},
  eprint       = {1805.10387},
  timestamp    = {Mon, 13 Aug 2018 16:47:03 +0200},
  biburl       = {https://dblp.org/rec/journals/corr/abs-1805-10387.bib},
  bibsource    = {dblp computer science bibliography, https://dblp.org}
}

@article{FP8_Formats_For_Deep_Learning,
  author       = {Paulius Micikevicius and
                  Dusan Stosic and
                  Neil Burgess and
                  Marius Cornea and
                  Pradeep Dubey and
                  Richard Grisenthwaite and
                  Sangwon Ha and
                  Alexander Heinecke and
                  Patrick Judd and
                  John Kamalu and
                  Naveen Mellempudi and
                  Stuart F. Oberman and
                  Mohammad Shoeybi and
                  Michael Y. Siu and
                  Hao Wu},
  title        = {{FP8} Formats for Deep Learning},
  journal      = {CoRR},
  volume       = {abs/2209.05433},
  year         = {2022},
  url          = {https://doi.org/10.48550/arXiv.2209.05433},
  doi          = {10.48550/ARXIV.2209.05433},
  eprinttype    = {arXiv},
  eprint       = {2209.05433},
  timestamp    = {Tue, 27 Sep 2022 16:29:43 +0200},
  biburl       = {https://dblp.org/rec/journals/corr/abs-2209-05433.bib},
  bibsource    = {dblp computer science bibliography, https://dblp.org}
}

@inproceedings{Independent_WD,
  author       = {Ilya Loshchilov and
                  Frank Hutter},
  title        = {Decoupled Weight Decay Regularization},
  booktitle    = {7th International Conference on Learning Representations, {ICLR} 2019,
                  New Orleans, LA, USA, May 6-9, 2019},
  publisher    = {OpenReview.net},
  year         = {2019},
  url          = {https://openreview.net/forum?id=Bkg6RiCqY7},
  timestamp    = {Thu, 25 Jul 2019 14:26:04 +0200},
  biburl       = {https://dblp.org/rec/conf/iclr/LoshchilovH19.bib},
  bibsource    = {dblp computer science bibliography, https://dblp.org}
}

@inproceedings{Double_descent,
   author={Mikhail Belkin and Daniel Hsu and Siyuan Ma and Soumik Mandal},
   title={Reconciling modern machine-learning practice and the classical bias–variance trade-off},
   volume={116},
   ISSN={1091-6490},
   url={http://dx.doi.org/10.1073/pnas.1903070116},
   DOI={10.1073/pnas.1903070116},
   journal={Proceedings of the National Academy of Sciences},
   publisher={Proceedings of the National Academy of Sciences},
   year={2019},
   month=jul,
   pages={15849–15854}
}

@article{GLU,
  author       = {Noam Shazeer},
  title        = {{GLU} Variants Improve Transformer},
  journal      = {CoRR},
  volume       = {abs/2002.05202},
  year         = {2020},
  url          = {https://arxiv.org/abs/2002.05202},
  eprinttype    = {arXiv},
  eprint       = {2002.05202},
  timestamp    = {Fri, 14 Feb 2020 12:07:41 +0100},
  biburl       = {https://dblp.org/rec/journals/corr/abs-2002-05202.bib},
  bibsource    = {dblp computer science bibliography, https://dblp.org}
}

@article{SiLU,
  author       = {Chao Yu and
                  Zhiguo Su},
  title        = {Symmetrical {Gaussian} Error Linear Units ({SGELUs})},
  journal      = {CoRR},
  volume       = {abs/1911.03925},
  year         = {2019},
  url          = {http://arxiv.org/abs/1911.03925},
  eprinttype    = {arXiv},
  eprint       = {1911.03925},
  timestamp    = {Sun, 01 Dec 2019 20:31:34 +0100},
  biburl       = {https://dblp.org/rec/journals/corr/abs-1911-03925.bib},
  bibsource    = {dblp computer science bibliography, https://dblp.org}
}

@inproceedings{Swish,
  author       = {Prajit Ramachandran and
                  Barret Zoph and
                  Quoc V. Le},
  title        = {Searching for Activation Functions},
  booktitle    = {6th International Conference on Learning Representations, {ICLR} 2018,
                  Vancouver, BC, Canada, April 30 - May 3, 2018, Workshop Track Proceedings},
  publisher    = {OpenReview.net},
  year         = {2018},
  url          = {https://openreview.net/forum?id=Hkuq2EkPf},
  timestamp    = {Thu, 04 Apr 2019 13:20:09 +0200},
  biburl       = {https://dblp.org/rec/conf/iclr/RamachandranZL18.bib},
  bibsource    = {dblp computer science bibliography, https://dblp.org}
}

@article{RoPE,
  author       = {Jianlin Su and
                  Murtadha H. M. Ahmed and
                  Yu Lu and
                  Shengfeng Pan and
                  Wen Bo and
                  Yunfeng Liu},
  title        = {RoFormer: Enhanced transformer with Rotary Position Embedding},
  journal      = {Neurocomputing},
  volume       = {568},
  pages        = {127063},
  year         = {2024},
  url          = {https://doi.org/10.1016/j.neucom.2023.127063},
  doi          = {10.1016/J.NEUCOM.2023.127063},
  timestamp    = {Fri, 26 Jan 2024 07:56:41 +0100},
  biburl       = {https://dblp.org/rec/journals/ijon/SuALPBL24.bib},
  bibsource    = {dblp computer science bibliography, https://dblp.org}
}

@inproceedings{RMS_Norm,
  author       = {Biao Zhang and
                  Rico Sennrich},
  editor       = {Hanna M. Wallach and
                  Hugo Larochelle and
                  Alina Beygelzimer and
                  Florence d'Alch{\'{e}}{-}Buc and
                  Emily B. Fox and
                  Roman Garnett},
  title        = {Root Mean Square Layer Normalization},
  booktitle    = {Advances in Neural Information Processing Systems 32: Annual Conference
                  on Neural Information Processing Systems 2019, NeurIPS 2019, December
                  8-14, 2019, Vancouver, BC, Canada},
  pages        = {12360--12371},
  year         = {2019},
  url          = {https://proceedings.neurips.cc/paper/2019/hash/1e8a19426224ca89e83cef47f1e7f53b-Abstract.html},
  timestamp    = {Fri, 21 Oct 2022 14:36:34 +0200},
  biburl       = {https://dblp.org/rec/conf/nips/ZhangS19a.bib},
  bibsource    = {dblp computer science bibliography, https://dblp.org}
}

@misc{BLOOM_chronicles,
  title = {BLOOM-176B Chronicles},
  author = {BigScience},
  year         = {2022},
  howpublished = {\url{https://github.com/bigscience-workshop/bigscience/blob/master/train/tr11-176B-ml/chronicles.md}}
}

@misc{OPT_logbook,
  title = {OPT-175 Logbook},
  author = {Meta Research},
  year         = {2022},
  howpublished = {\url{https://github.com/facebookresearch/metaseq/blob/main/projects/OPT/chronicles/OPT175B_Logbook.pdf}}
}

@misc{GLM_logbook,
  title = {GLM-130B Training Logs},
  author = {THUDM},
  year         = {2022},
  howpublished = {\url{https://github.com/THUDM/GLM-130B/blob/main/logs/main-log-en.md}}
}

@misc{Flamingo_memo,
  title = {Flamingo: Knowledge Sharing Memo},
  author = {Hugging Face},
  year         = {2023},
  howpublished = {\url{https://github.com/huggingface/m4-logs/blob/master/memos/README.md}}
}

@article{Bloomberg_GPT,
  author       = {Shijie Wu and
                  Ozan Irsoy and
                  Steven Lu and
                  Vadim Dabravolski and
                  Mark Dredze and
                  Sebastian Gehrmann and
                  Prabhanjan Kambadur and
                  David S. Rosenberg and
                  Gideon Mann},
  title        = {BloombergGPT: {A} Large Language Model for Finance},
  journal      = {CoRR},
  volume       = {abs/2303.17564},
  year         = {2023},
  url          = {https://doi.org/10.48550/arXiv.2303.17564},
  doi          = {10.48550/ARXIV.2303.17564},
  eprinttype    = {arXiv},
  eprint       = {2303.17564},
  timestamp    = {Fri, 06 Oct 2023 19:24:15 +0200},
  biburl       = {https://dblp.org/rec/journals/corr/abs-2303-17564.bib},
  bibsource    = {dblp computer science bibliography, https://dblp.org}
}

@inproceedings{NTK,
  author       = {Arthur Jacot and
                  Cl{\'{e}}ment Hongler and
                  Franck Gabriel},
  editor       = {Samy Bengio and
                  Hanna M. Wallach and
                  Hugo Larochelle and
                  Kristen Grauman and
                  Nicol{\`{o}} Cesa{-}Bianchi and
                  Roman Garnett},
  title        = {Neural Tangent Kernel: Convergence and Generalization in Neural Networks},
  booktitle    = {Advances in Neural Information Processing Systems 31: Annual Conference
                  on Neural Information Processing Systems 2018, NeurIPS 2018, December
                  3-8, 2018, Montr{\'{e}}al, Canada},
  pages        = {8580--8589},
  year         = {2018},
  url          = {https://proceedings.neurips.cc/paper/2018/hash/5a4be1fa34e62bb8a6ec6b91d2462f5a-Abstract.html},
  timestamp    = {Mon, 16 May 2022 15:41:51 +0200},
  biburl       = {https://dblp.org/rec/conf/nips/JacotHG18.bib},
  bibsource    = {dblp computer science bibliography, https://dblp.org}
}

@article{Supar,
  author       = {Nolan Dey and Shane Bergsma and Joel Hestness},
  title        = {Sparse maximal update parameterization: {A} holistic approach to sparse training dynamics},
  journal      = {CoRR},
  volume       = {abs/2405.15743},
  year         = {2024},
  url          = {http://arxiv.org/abs/2405.15743},
  eprinttype    = {arXiv},
  eprint       = {2405.15743},
}


@article{IEEE_754,
  title        = {{IEEE} Standard for Floating-Point Arithmetic},
  author       = {{IEEE Computer Society}},
  organization = {IEEE},
  booktitle    = {IEEE Std 754-2019},
  year         = {2019},
  month        = {July},
  pages        = {1--84},
  doi          = {10.1109/IEEESTD.2019.8766229},
  isbn         = {978-1-5044-5924-2}
}

@article{Small_Scale_Proxies,
  author       = {Mitchell Wortsman and
                  Peter J. Liu and
                  Lechao Xiao and
                  Katie Everett and
                  Alex Alemi and
                  Ben Adlam and
                  John D. Co{-}Reyes and
                  Izzeddin Gur and
                  Abhishek Kumar and
                  Roman Novak and
                  Jeffrey Pennington and
                  Jascha Sohl{-}Dickstein and
                  Kelvin Xu and
                  Jaehoon Lee and
                  Justin Gilmer and
                  Simon Kornblith},
  title        = {Small-scale proxies for large-scale Transformer training instabilities},
  journal      = {CoRR},
  volume       = {abs/2309.14322},
  year         = {2023},
  url          = {https://doi.org/10.48550/arXiv.2309.14322},
  doi          = {10.48550/ARXIV.2309.14322},
  eprinttype    = {arXiv},
  eprint       = {2309.14322},
  timestamp    = {Thu, 04 Jan 2024 13:52:57 +0100},
  biburl       = {https://dblp.org/rec/journals/corr/abs-2309-14322.bib},
  bibsource    = {dblp computer science bibliography, https://dblp.org}
}

@article{8_Bit_Numerical_Formats,
  author       = {Badreddine Noune and
                  Philip Jones and
                  Daniel Justus and
                  Dominic Masters and
                  Carlo Luschi},
  title        = {8-bit Numerical Formats for Deep Neural Networks},
  journal      = {CoRR},
  volume       = {abs/2206.02915},
  year         = {2022},
  url          = {https://doi.org/10.48550/arXiv.2206.02915},
  doi          = {10.48550/ARXIV.2206.02915},
  eprinttype    = {arXiv},
  eprint       = {2206.02915},
  timestamp    = {Tue, 14 Jun 2022 16:41:43 +0200},
  biburl       = {https://dblp.org/rec/journals/corr/abs-2206-02915.bib},
  bibsource    = {dblp computer science bibliography, https://dblp.org}
}

@inproceedings{HFP8,
  author       = {Xiao Sun and
                  Jungwook Choi and
                  Chia{-}Yu Chen and
                  Naigang Wang and
                  Swagath Venkataramani and
                  Vijayalakshmi Srinivasan and
                  Xiaodong Cui and
                  Wei Zhang and
                  Kailash Gopalakrishnan},
  editor       = {Hanna M. Wallach and
                  Hugo Larochelle and
                  Alina Beygelzimer and
                  Florence d'Alch{\'{e}}{-}Buc and
                  Emily B. Fox and
                  Roman Garnett},
  title        = {Hybrid 8-bit Floating Point {(HFP8)} Training and Inference for Deep
                  Neural Networks},
  booktitle    = {Advances in Neural Information Processing Systems 32: Annual Conference
                  on Neural Information Processing Systems 2019, NeurIPS 2019, December
                  8-14, 2019, Vancouver, BC, Canada},
  pages        = {4901--4910},
  year         = {2019},
  url          = {https://proceedings.neurips.cc/paper/2019/hash/65fc9fb4897a89789352e211ca2d398f-Abstract.html},
  timestamp    = {Mon, 16 May 2022 15:41:51 +0200},
  biburl       = {https://dblp.org/rec/conf/nips/SunCCWVSCZG19.bib},
  bibsource    = {dblp computer science bibliography, https://dblp.org}
}

@inproceedings{LLM_INT8,
  author       = {Tim Dettmers and
                  Mike Lewis and
                  Younes Belkada and
                  Luke Zettlemoyer},
  editor       = {Sanmi Koyejo and
                  S. Mohamed and
                  A. Agarwal and
                  Danielle Belgrave and
                  K. Cho and
                  A. Oh},
  title        = {GPT3.int8(): 8-bit Matrix Multiplication for Transformers at Scale},
  booktitle    = {Advances in Neural Information Processing Systems 35: Annual Conference
                  on Neural Information Processing Systems 2022, NeurIPS 2022, New Orleans,
                  LA, USA, November 28 - December 9, 2022},
  year         = {2022},
  url          = {http://papers.nips.cc/paper\_files/paper/2022/hash/c3ba4962c05c49636d4c6206a97e9c8a-Abstract-Conference.html},
  timestamp    = {Mon, 08 Jan 2024 16:31:29 +0100},
  biburl       = {https://dblp.org/rec/conf/nips/DettmersLBZ22.bib},
  bibsource    = {dblp computer science bibliography, https://dblp.org}
}

@inproceedings{Megatron-LM_Cluster,
  author       = {Deepak Narayanan and
                  Mohammad Shoeybi and
                  Jared Casper and
                  Patrick LeGresley and
                  Mostofa Patwary and
                  Vijay Korthikanti and
                  Dmitri Vainbrand and
                  Prethvi Kashinkunti and
                  Julie Bernauer and
                  Bryan Catanzaro and
                  Amar Phanishayee and
                  Matei Zaharia},
  editor       = {Bronis R. de Supinski and
                  Mary W. Hall and
                  Todd Gamblin},
  title        = {Efficient large-scale language model training on {GPU} clusters using
                  {Megatron-LM}},
  booktitle    = {International Conference for High Performance Computing, Networking,
                  Storage and Analysis, {SC} 2021, St. Louis, Missouri, USA, November
                  14-19, 2021},
  pages        = {58},
  publisher    = {{ACM}},
  year         = {2021},
  url          = {https://doi.org/10.1145/3458817.3476209},
  doi          = {10.1145/3458817.3476209},
  timestamp    = {Mon, 05 Feb 2024 20:29:06 +0100},
  biburl       = {https://dblp.org/rec/conf/sc/NarayananSCLPKV21.bib},
  bibsource    = {dblp computer science bibliography, https://dblp.org}
}

@article{Training_And_Inference_Using_8_Bit,
  author       = {Sergio P. Perez and
                  Yan Zhang and
                  James Briggs and
                  Charlie Blake and
                  Josh Levy{-}Kramer and
                  Paul Balanca and
                  Carlo Luschi and
                  Stephen Barlow and
                  Andrew Fitzgibbon},
  title        = {Training and inference of large language models using 8-bit floating
                  point},
  journal      = {CoRR},
  volume       = {abs/2309.17224},
  year         = {2023},
  url          = {https://doi.org/10.48550/arXiv.2309.17224},
  doi          = {10.48550/ARXIV.2309.17224},
  eprinttype    = {arXiv},
  eprint       = {2309.17224},
  timestamp    = {Tue, 17 Oct 2023 13:50:54 +0200},
  biburl       = {https://dblp.org/rec/journals/corr/abs-2309-17224.bib},
  bibsource    = {dblp computer science bibliography, https://dblp.org}
}

@inproceedings{DNNs_With_8_Bit,
  author       = {Naigang Wang and
                  Jungwook Choi and
                  Daniel Brand and
                  Chia{-}Yu Chen and
                  Kailash Gopalakrishnan},
  editor       = {Samy Bengio and
                  Hanna M. Wallach and
                  Hugo Larochelle and
                  Kristen Grauman and
                  Nicol{\`{o}} Cesa{-}Bianchi and
                  Roman Garnett},
  title        = {Training Deep Neural Networks with 8-bit Floating Point Numbers},
  booktitle    = {Advances in Neural Information Processing Systems 31: Annual Conference
                  on Neural Information Processing Systems 2018, NeurIPS 2018, December
                  3-8, 2018, Montr{\'{e}}al, Canada},
  pages        = {7686--7695},
  year         = {2018},
  url          = {https://proceedings.neurips.cc/paper/2018/hash/335d3d1cd7ef05ec77714a215134914c-Abstract.html},
  timestamp    = {Mon, 16 May 2022 15:41:51 +0200},
  biburl       = {https://dblp.org/rec/conf/nips/WangCBCG18.bib},
  bibsource    = {dblp computer science bibliography, https://dblp.org}
}

@article{Mixed_Precision_8_Bit,
  author       = {Naveen Mellempudi and
                  Sudarshan Srinivasan and
                  Dipankar Das and
                  Bharat Kaul},
  title        = {Mixed Precision Training With 8-bit Floating Point},
  journal      = {CoRR},
  volume       = {abs/1905.12334},
  year         = {2019},
  url          = {http://arxiv.org/abs/1905.12334},
  eprinttype    = {arXiv},
  eprint       = {1905.12334},
  timestamp    = {Mon, 03 Jun 2019 13:42:33 +0200},
  biburl       = {https://dblp.org/rec/journals/corr/abs-1905-12334.bib},
  bibsource    = {dblp computer science bibliography, https://dblp.org}
}

@inproceedings{Stable_And_Low_Precision_Training,
  author       = {Mitchell Wortsman and
                  Tim Dettmers and
                  Luke Zettlemoyer and
                  Ari Morcos and
                  Ali Farhadi and
                  Ludwig Schmidt},
  editor       = {Alice Oh and
                  Tristan Naumann and
                  Amir Globerson and
                  Kate Saenko and
                  Moritz Hardt and
                  Sergey Levine},
  title        = {Stable and low-precision training for large-scale vision-language
                  models},
  booktitle    = {Advances in Neural Information Processing Systems 36: Annual Conference
                  on Neural Information Processing Systems 2023, NeurIPS 2023, New Orleans,
                  LA, USA, December 10 - 16, 2023},
  year         = {2023},
  url          = {http://papers.nips.cc/paper\_files/paper/2023/hash/20bd42d82998bc61732c00452228e814-Abstract-Conference.html},
  timestamp    = {Fri, 01 Mar 2024 16:26:19 +0100},
  biburl       = {https://dblp.org/rec/conf/nips/WortsmanDZMFS23.bib},
  bibsource    = {dblp computer science bibliography, https://dblp.org}
}

@inproceedings{MX1,
  author       = {Bita Darvish Rouhani and
                  Ritchie Zhao and
                  Venmugil Elango and
                  Rasoul Shafipour and
                  Mathew Hall and
                  Maral Mesmakhosroshahi and
                  Ankit More and
                  Levi Melnick and
                  Maximilian Golub and
                  Girish Varatkar and
                  Lai Shao and
                  Gaurav Kolhe and
                  Dimitry Melts and
                  Jasmine Klar and
                  Renee L'Heureux and
                  Matt Perry and
                  Doug Burger and
                  Eric S. Chung and
                  Zhaoxia (Summer) Deng and
                  Sam Naghshineh and
                  Jongsoo Park and
                  Maxim Naumov},
  editor       = {Yan Solihin and
                  Mark A. Heinrich},
  title        = {With Shared Microexponents, A Little Shifting Goes a Long Way},
  booktitle    = {Proceedings of the 50th Annual International Symposium on Computer
                  Architecture, {ISCA} 2023, Orlando, FL, USA, June 17-21, 2023},
  pages        = {83:1--83:13},
  publisher    = {{ACM}},
  year         = {2023},
  url          = {https://doi.org/10.1145/3579371.3589351},
  doi          = {10.1145/3579371.3589351},
  timestamp    = {Fri, 07 Jul 2023 23:30:26 +0200},
  biburl       = {https://dblp.org/rec/conf/isca/RouhaniZESHMMMG23.bib},
  bibsource    = {dblp computer science bibliography, https://dblp.org}
}

@article{MX2,
  author       = {Bita Darvish Rouhani and
                  Ritchie Zhao and
                  Ankit More and
                  Mathew Hall and
                  Alireza Khodamoradi and
                  Summer Deng and
                  Dhruv Choudhary and
                  Marius Cornea and
                  Eric Dellinger and
                  Kristof Denolf and
                  Dusan Stosic and
                  Venmugil Elango and
                  Maximilian Golub and
                  Alexander Heinecke and
                  Phil James{-}Roxby and
                  Dharmesh Jani and
                  Gaurav Kolhe and
                  Martin Langhammer and
                  Ada Li and
                  Levi Melnick and
                  Maral Mesmakhosroshahi and
                  Andres Rodriguez and
                  Michael Schulte and
                  Rasoul Shafipour and
                  Lei Shao and
                  Michael Y. Siu and
                  Pradeep Dubey and
                  Paulius Micikevicius and
                  Maxim Naumov and
                  Colin Verilli and
                  Ralph Wittig and
                  Doug Burger and
                  Eric S. Chung},
  title        = {Microscaling Data Formats for Deep Learning},
  journal      = {CoRR},
  volume       = {abs/2310.10537},
  year         = {2023},
  url          = {https://doi.org/10.48550/arXiv.2310.10537},
  doi          = {10.48550/ARXIV.2310.10537},
  eprinttype    = {arXiv},
  eprint       = {2310.10537},
  timestamp    = {Fri, 27 Oct 2023 16:14:13 +0200},
  biburl       = {https://dblp.org/rec/journals/corr/abs-2310-10537.bib},
  bibsource    = {dblp computer science bibliography, https://dblp.org}
}

@article{BitNet1,
  author       = {Hongyu Wang and
                  Shuming Ma and
                  Li Dong and
                  Shaohan Huang and
                  Huaijie Wang and
                  Lingxiao Ma and
                  Fan Yang and
                  Ruiping Wang and
                  Yi Wu and
                  Furu Wei},
  title        = {BitNet: Scaling 1-bit Transformers for Large Language Models},
  journal      = {CoRR},
  volume       = {abs/2310.11453},
  year         = {2023},
  url          = {https://doi.org/10.48550/arXiv.2310.11453},
  doi          = {10.48550/ARXIV.2310.11453},
  eprinttype    = {arXiv},
  eprint       = {2310.11453},
  timestamp    = {Tue, 16 Jul 2024 16:34:10 +0200},
  biburl       = {https://dblp.org/rec/journals/corr/abs-2310-11453.bib},
  bibsource    = {dblp computer science bibliography, https://dblp.org}
}

@article{BitNet2,
  author       = {Shuming Ma and
                  Hongyu Wang and
                  Lingxiao Ma and
                  Lei Wang and
                  Wenhui Wang and
                  Shaohan Huang and
                  Li Dong and
                  Ruiping Wang and
                  Jilong Xue and
                  Furu Wei},
  title        = {The Era of 1-bit {LLMs}: All Large Language Models are in 1.58 Bits},
  journal      = {CoRR},
  volume       = {abs/2402.17764},
  year         = {2024},
  url          = {https://doi.org/10.48550/arXiv.2402.17764},
  doi          = {10.48550/ARXIV.2402.17764},
  eprinttype    = {arXiv},
  eprint       = {2402.17764},
  timestamp    = {Fri, 19 Apr 2024 15:55:39 +0200},
  biburl       = {https://dblp.org/rec/journals/corr/abs-2402-17764.bib},
  bibsource    = {dblp computer science bibliography, https://dblp.org}
}

@article{BitNet3,
  author       = {Rui{-}Jie Zhu and
                  Yu Zhang and
                  Ethan Sifferman and
                  Tyler Sheaves and
                  Yiqiao Wang and
                  Dustin Richmond and
                  Peng Zhou and
                  Jason K. Eshraghian},
  title        = {Scalable MatMul-free Language Modeling},
  journal      = {CoRR},
  volume       = {abs/2406.02528},
  year         = {2024},
  url          = {https://doi.org/10.48550/arXiv.2406.02528},
  doi          = {10.48550/ARXIV.2406.02528},
  eprinttype    = {arXiv},
  eprint       = {2406.02528},
  timestamp    = {Fri, 12 Jul 2024 15:24:41 +0200},
  biburl       = {https://dblp.org/rec/journals/corr/abs-2406-02528.bib},
  bibsource    = {dblp computer science bibliography, https://dblp.org}
}

@inproceedings{Scaling_Vision_Transformers,
  author       = {Mostafa Dehghani and
                  Josip Djolonga and
                  Basil Mustafa and
                  Piotr Padlewski and
                  Jonathan Heek and
                  Justin Gilmer and
                  Andreas Peter Steiner and
                  Mathilde Caron and
                  Robert Geirhos and
                  Ibrahim Alabdulmohsin and
                  Rodolphe Jenatton and
                  Lucas Beyer and
                  Michael Tschannen and
                  Anurag Arnab and
                  Xiao Wang and
                  Carlos Riquelme Ruiz and
                  Matthias Minderer and
                  Joan Puigcerver and
                  Utku Evci and
                  Manoj Kumar and
                  Sjoerd van Steenkiste and
                  Gamaleldin Fathy Elsayed and
                  Aravindh Mahendran and
                  Fisher Yu and
                  Avital Oliver and
                  Fantine Huot and
                  Jasmijn Bastings and
                  Mark Collier and
                  Alexey A. Gritsenko and
                  Vighnesh Birodkar and
                  Cristina Nader Vasconcelos and
                  Yi Tay and
                  Thomas Mensink and
                  Alexander Kolesnikov and
                  Filip Pavetic and
                  Dustin Tran and
                  Thomas Kipf and
                  Mario Lucic and
                  Xiaohua Zhai and
                  Daniel Keysers and
                  Jeremiah J. Harmsen and
                  Neil Houlsby},
  editor       = {Andreas Krause and
                  Emma Brunskill and
                  Kyunghyun Cho and
                  Barbara Engelhardt and
                  Sivan Sabato and
                  Jonathan Scarlett},
  title        = {Scaling Vision Transformers to 22 Billion Parameters},
  booktitle    = {International Conference on Machine Learning, {ICML} 2023, 23-29 July
                  2023, Honolulu, Hawaii, {USA}},
  series       = {Proceedings of Machine Learning Research},
  volume       = {202},
  pages        = {7480--7512},
  publisher    = {{PMLR}},
  year         = {2023},
  url          = {https://proceedings.mlr.press/v202/dehghani23a.html},
  timestamp    = {Mon, 18 Sep 2023 18:07:51 +0200},
  biburl       = {https://dblp.org/rec/conf/icml/0001DMPHGSCGAJB23.bib},
  bibsource    = {dblp computer science bibliography, https://dblp.org}
}

@article{Palm,
  author       = {Aakanksha Chowdhery and
                  Sharan Narang and
                  Jacob Devlin and
                  Maarten Bosma and
                  Gaurav Mishra and
                  Adam Roberts and
                  Paul Barham and
                  Hyung Won Chung and
                  Charles Sutton and
                  Sebastian Gehrmann and
                  Parker Schuh and
                  Kensen Shi and
                  Sasha Tsvyashchenko and
                  Joshua Maynez and
                  Abhishek Rao and
                  Parker Barnes and
                  Yi Tay and
                  Noam Shazeer and
                  Vinodkumar Prabhakaran and
                  Emily Reif and
                  Nan Du and
                  Ben Hutchinson and
                  Reiner Pope and
                  James Bradbury and
                  Jacob Austin and
                  Michael Isard and
                  Guy Gur{-}Ari and
                  Pengcheng Yin and
                  Toju Duke and
                  Anselm Levskaya and
                  Sanjay Ghemawat and
                  Sunipa Dev and
                  Henryk Michalewski and
                  Xavier Garcia and
                  Vedant Misra and
                  Kevin Robinson and
                  Liam Fedus and
                  Denny Zhou and
                  Daphne Ippolito and
                  David Luan and
                  Hyeontaek Lim and
                  Barret Zoph and
                  Alexander Spiridonov and
                  Ryan Sepassi and
                  David Dohan and
                  Shivani Agrawal and
                  Mark Omernick and
                  Andrew M. Dai and
                  Thanumalayan Sankaranarayana Pillai and
                  Marie Pellat and
                  Aitor Lewkowycz and
                  Erica Moreira and
                  Rewon Child and
                  Oleksandr Polozov and
                  Katherine Lee and
                  Zongwei Zhou and
                  Xuezhi Wang and
                  Brennan Saeta and
                  Mark Diaz and
                  Orhan Firat and
                  Michele Catasta and
                  Jason Wei and
                  Kathy Meier{-}Hellstern and
                  Douglas Eck and
                  Jeff Dean and
                  Slav Petrov and
                  Noah Fiedel},
  title        = {PaLM: Scaling Language Modeling with Pathways},
  journal      = {J. Mach. Learn. Res.},
  volume       = {24},
  pages        = {240:1--240:113},
  year         = {2023},
  url          = {http://jmlr.org/papers/v24/22-1144.html},
  timestamp    = {Thu, 19 Oct 2023 09:44:46 +0200},
  biburl       = {https://dblp.org/rec/journals/jmlr/ChowdheryNDBMRBCSGSSTMRBTSPRDHPBAI23.bib},
  bibsource    = {dblp computer science bibliography, https://dblp.org}
}

@inproceedings{Intriguing_Properties,
  author       = {Arash Ahmadian and
                  Saurabh Dash and
                  Hongyu Chen and
                  Bharat Venkitesh and
                  Stephen Zhen Gou and
                  Phil Blunsom and
                  Ahmet {\"{U}}st{\"{u}}n and
                  Sara Hooker},
  editor       = {Alice Oh and
                  Tristan Naumann and
                  Amir Globerson and
                  Kate Saenko and
                  Moritz Hardt and
                  Sergey Levine},
  title        = {Intriguing Properties of Quantization at Scale},
  booktitle    = {Advances in Neural Information Processing Systems 36: Annual Conference
                  on Neural Information Processing Systems 2023, NeurIPS 2023, New Orleans,
                  LA, USA, December 10 - 16, 2023},
  year         = {2023},
  url          = {http://papers.nips.cc/paper\_files/paper/2023/hash/6c0ff499edc529c7d8c9f05c7c0ccb82-Abstract-Conference.html},
  timestamp    = {Fri, 01 Mar 2024 16:26:20 +0100},
  biburl       = {https://dblp.org/rec/conf/nips/AhmadianDCVGBUH23.bib},
  bibsource    = {dblp computer science bibliography, https://dblp.org}
}

@article{Dynamics_Of_Diffusion_Models,
  author       = {Tero Karras and
                  Miika Aittala and
                  Jaakko Lehtinen and
                  Janne Hellsten and
                  Timo Aila and
                  Samuli Laine},
  title        = {Analyzing and Improving the Training Dynamics of Diffusion Models},
  journal      = {CoRR},
  volume       = {abs/2312.02696},
  year         = {2023},
  url          = {https://doi.org/10.48550/arXiv.2312.02696},
  doi          = {10.48550/ARXIV.2312.02696},
  eprinttype    = {arXiv},
  eprint       = {2312.02696},
  timestamp    = {Thu, 28 Dec 2023 10:07:35 +0100},
  biburl       = {https://dblp.org/rec/journals/corr/abs-2312-02696.bib},
  bibsource    = {dblp computer science bibliography, https://dblp.org}
}

@inproceedings{SmoothQuant,
  author       = {Guangxuan Xiao and
                  Ji Lin and
                  Micka{\"{e}}l Seznec and
                  Hao Wu and
                  Julien Demouth and
                  Song Han},
  editor       = {Andreas Krause and
                  Emma Brunskill and
                  Kyunghyun Cho and
                  Barbara Engelhardt and
                  Sivan Sabato and
                  Jonathan Scarlett},
  title        = {SmoothQuant: Accurate and Efficient Post-Training Quantization for
                  Large Language Models},
  booktitle    = {International Conference on Machine Learning, {ICML} 2023, 23-29 July
                  2023, Honolulu, Hawaii, {USA}},
  series       = {Proceedings of Machine Learning Research},
  volume       = {202},
  pages        = {38087--38099},
  publisher    = {{PMLR}},
  year         = {2023},
  url          = {https://proceedings.mlr.press/v202/xiao23c.html},
  timestamp    = {Fri, 10 Nov 2023 21:09:29 +0100},
  biburl       = {https://dblp.org/rec/conf/icml/XiaoLSWDH23.bib},
  bibsource    = {dblp computer science bibliography, https://dblp.org}
}

@inproceedings{Quantizable_Transformers,
  author       = {Yelysei Bondarenko and
                  Markus Nagel and
                  Tijmen Blankevoort},
  editor       = {Alice Oh and
                  Tristan Naumann and
                  Amir Globerson and
                  Kate Saenko and
                  Moritz Hardt and
                  Sergey Levine},
  title        = {Quantizable Transformers: Removing Outliers by Helping Attention Heads
                  Do Nothing},
  booktitle    = {Advances in Neural Information Processing Systems 36: Annual Conference
                  on Neural Information Processing Systems 2023, NeurIPS 2023, New Orleans,
                  LA, USA, December 10 - 16, 2023},
  year         = {2023},
  url          = {http://papers.nips.cc/paper\_files/paper/2023/hash/edbcb7583fd8921dad78adecfe06a99b-Abstract-Conference.html},
  timestamp    = {Fri, 01 Mar 2024 16:26:21 +0100},
  biburl       = {https://dblp.org/rec/conf/nips/BondarenkoNB23.bib},
  bibsource    = {dblp computer science bibliography, https://dblp.org}
}

@article{Massive_Activations,
  author       = {Mingjie Sun and
                  Xinlei Chen and
                  J. Zico Kolter and
                  Zhuang Liu},
  title        = {Massive Activations in Large Language Models},
  journal      = {CoRR},
  volume       = {abs/2402.17762},
  year         = {2024},
  url          = {https://doi.org/10.48550/arXiv.2402.17762},
  doi          = {10.48550/ARXIV.2402.17762},
  eprinttype    = {arXiv},
  eprint       = {2402.17762},
  timestamp    = {Mon, 25 Mar 2024 15:38:17 +0100},
  biburl       = {https://dblp.org/rec/journals/corr/abs-2402-17762.bib},
  bibsource    = {dblp computer science bibliography, https://dblp.org}
}

@inproceedings{Vision_Transformers_Need_Registers,
  author       = {Timoth{\'{e}}e Darcet and
                  Maxime Oquab and
                  Julien Mairal and
                  Piotr Bojanowski},
  title        = {Vision Transformers Need Registers},
  booktitle    = {The Eleventh International Conference on Learning Representations,
                  {ICLR} 2023, Kigali, Rwanda, May 1-5, 2023},
  publisher    = {OpenReview.net},
  year         = {2023},
  url          = {https://openreview.net/forum?id=2dnO3LLiJ1},
}

@misc{Scaling_Exponents,
      title={Scaling Exponents Across Parameterizations and Optimizers}, 
      author={Katie Everett and Lechao Xiao and Mitchell Wortsman and Alexander A. Alemi and Roman Novak and Peter J. Liu and Izzeddin Gur and Jascha Sohl-Dickstein and Leslie Pack Kaelbling and Jaehoon Lee and Jeffrey Pennington},
      year={2024},
      eprint={2407.05872},
      archivePrefix={arXiv},
      primaryClass={cs.LG},
      url={https://arxiv.org/abs/2407.05872}, 
}

@article{Spectral_Condition,
  author       = {Greg Yang and
                  James B. Simon and
                  Jeremy Bernstein},
  title        = {A Spectral Condition for Feature Learning},
  journal      = {CoRR},
  volume       = {abs/2310.17813},
  year         = {2023},
  url          = {https://doi.org/10.48550/arXiv.2310.17813},
  doi          = {10.48550/ARXIV.2310.17813},
  eprinttype    = {arXiv},
  eprint       = {2310.17813},
  timestamp    = {Thu, 02 Nov 2023 17:30:29 +0100},
  biburl       = {https://dblp.org/rec/journals/corr/abs-2310-17813.bib},
  bibsource    = {dblp computer science bibliography, https://dblp.org}
}

@article{Modula,
  author       = {Tim Large and
                  Yang Liu and
                  Minyoung Huh and
                  Hyojin Bahng and
                  Phillip Isola and
                  Jeremy Bernstein},
  title        = {Scalable Optimization in the Modular Norm},
  journal      = {CoRR},
  volume       = {abs/2405.14813},
  year         = {2024},
  url          = {https://doi.org/10.48550/arXiv.2405.14813},
  doi          = {10.48550/ARXIV.2405.14813},
  eprinttype    = {arXiv},
  eprint       = {2405.14813},
  timestamp    = {Wed, 19 Jun 2024 08:52:52 +0200},
  biburl       = {https://dblp.org/rec/journals/corr/abs-2405-14813.bib},
  bibsource    = {dblp computer science bibliography, https://dblp.org}
}

@article{Compute_Better_Spent,
  author       = {Shikai Qiu and
                  Andres Potapczynski and
                  Marc Finzi and
                  Micah Goldblum and
                  Andrew Gordon Wilson},
  title        = {Compute Better Spent: Replacing Dense Layers with Structured Matrices},
  journal      = {CoRR},
  volume       = {abs/2406.06248},
  year         = {2024},
  url          = {https://doi.org/10.48550/arXiv.2406.06248},
  doi          = {10.48550/ARXIV.2406.06248},
  eprinttype    = {arXiv},
  eprint       = {2406.06248},
  timestamp    = {Sat, 13 Jul 2024 22:07:02 +0200},
  biburl       = {https://dblp.org/rec/journals/corr/abs-2406-06248.bib},
  bibsource    = {dblp computer science bibliography, https://dblp.org}
}

@article{Sparse_Mup,
  author       = {Nolan Dey and
                  Shane Bergsma and
                  Joel Hestness},
  title        = {Sparse maximal update parameterization: {A} holistic approach to sparse
                  training dynamics},
  journal      = {CoRR},
  volume       = {abs/2405.15743},
  year         = {2024},
  url          = {https://doi.org/10.48550/arXiv.2405.15743},
  doi          = {10.48550/ARXIV.2405.15743},
  eprinttype    = {arXiv},
  eprint       = {2405.15743},
  timestamp    = {Wed, 19 Jun 2024 08:52:57 +0200},
  biburl       = {https://dblp.org/rec/journals/corr/abs-2405-15743.bib},
  bibsource    = {dblp computer science bibliography, https://dblp.org}
}

@inproceedings{DBLP:conf/icml/PascanuMB13,
  author       = {Razvan Pascanu and
                  Tom{\'{a}}s Mikolov and
                  Yoshua Bengio},
  title        = {On the difficulty of training recurrent neural networks},
  booktitle    = {Proceedings of the 30th International Conference on Machine Learning,
                  {ICML} 2013, Atlanta, GA, USA, 16-21 June 2013},
  series       = {{JMLR} Workshop and Conference Proceedings},
  volume       = {28},
  pages        = {1310--1318},
  publisher    = {JMLR.org},
  year         = {2013},
  url          = {http://proceedings.mlr.press/v28/pascanu13.html},
  timestamp    = {Mon, 28 Dec 2020 11:31:04 +0100},
  biburl       = {https://dblp.org/rec/conf/icml/PascanuMB13.bib},
  bibsource    = {dblp computer science bibliography, https://dblp.org}
}

@article{Moores_Law_A,
  author       = {Thomas N. Theis and
                  H.{-}S. Philip Wong},
  title        = {The End of {Moore's} Law: {A} New Beginning for Information Technology},
  journal      = {Comput. Sci. Eng.},
  volume       = {19},
  number       = {2},
  pages        = {41--50},
  year         = {2017},
  url          = {https://doi.org/10.1109/MCSE.2017.29},
  doi          = {10.1109/MCSE.2017.29},
  timestamp    = {Tue, 16 Aug 2022 23:06:15 +0200},
  biburl       = {https://dblp.org/rec/journals/cse/TheisW17.bib},
  bibsource    = {dblp computer science bibliography, https://dblp.org}
}

@inproceedings{Moores_Law_B,
  author       = {Hadi Esmaeilzadeh and
                  Emily R. Blem and
                  Ren{\'{e}}e St. Amant and
                  Karthikeyan Sankaralingam and
                  Doug Burger},
  editor       = {Ravi R. Iyer and
                  Qing Yang and
                  Antonio Gonz{\'{a}}lez},
  title        = {Dark silicon and the end of multicore scaling},
  booktitle    = {38th International Symposium on Computer Architecture {(ISCA} 2011),
                  June 4-8, 2011, San Jose, CA, {USA}},
  pages        = {365--376},
  publisher    = {{ACM}},
  year         = {2011},
  url          = {https://doi.org/10.1145/2000064.2000108},
  doi          = {10.1145/2000064.2000108},
  timestamp    = {Mon, 05 Feb 2024 20:26:55 +0100},
  biburl       = {https://dblp.org/rec/conf/isca/EsmaeilzadehBASB11.bib},
  bibsource    = {dblp computer science bibliography, https://dblp.org}
}

@misc{gpt-neox-library,
  title = {{GPT-NeoX: Large Scale Autoregressive Language Modeling in PyTorch}},
  author = {Andonian, Alex and Anthony, Quentin and Biderman, Stella and Black, Sid and Gali, Preetham and Gao, Leo and Hallahan, Eric and Levy-Kramer, Josh and Leahy, Connor and Nestler, Lucas and Parker, Kip and Pieler, Michael and Phang, Jason and Purohit, Shivanshu and Schoelkopf, Hailey and Stander, Dashiell and Songz, Tri and Tigges, Curt and Thérien, Benjamin and Wang, Phil and Weinbach, Samuel},
  url = {https://www.github.com/eleutherai/gpt-neox},
  doi = {10.5281/zenodo.5879544},
  month = {9},
  year = {2023},
  version = {2.0.0},
}

@inproceedings{Zero,
  author       = {Samyam Rajbhandari and
                  Jeff Rasley and
                  Olatunji Ruwase and
                  Yuxiong He},
  editor       = {Christine Cuicchi and
                  Irene Qualters and
                  William T. Kramer},
  title        = {{ZeRO}: {Memory} optimizations toward training trillion parameter models},
  booktitle    = {Proceedings of the International Conference for High Performance Computing,
                  Networking, Storage and Analysis, {SC} 2020, Virtual Event / Atlanta,
                  Georgia, USA, November 9-19, 2020},
  pages        = {20},
  publisher    = {{IEEE/ACM}},
  year         = {2020},
  url          = {https://doi.org/10.1109/SC41405.2020.00024},
  doi          = {10.1109/SC41405.2020.00024},
  timestamp    = {Wed, 04 May 2022 13:02:27 +0200},
  biburl       = {https://dblp.org/rec/conf/sc/RajbhandariRRH20.bib},
  bibsource    = {dblp computer science bibliography, https://dblp.org}
}

@inproceedings{Flash_Attention,
  author       = {Tri Dao and
                  Daniel Y. Fu and
                  Stefano Ermon and
                  Atri Rudra and
                  Christopher R{\'{e}}},
  editor       = {Sanmi Koyejo and
                  S. Mohamed and
                  A. Agarwal and
                  Danielle Belgrave and
                  K. Cho and
                  A. Oh},
  title        = {FlashAttention: Fast and Memory-Efficient Exact Attention with IO-Awareness},
  booktitle    = {Advances in Neural Information Processing Systems 35: Annual Conference
                  on Neural Information Processing Systems 2022, NeurIPS 2022, New Orleans,
                  LA, USA, November 28 - December 9, 2022},
  year         = {2022},
  url          = {http://papers.nips.cc/paper\_files/paper/2022/hash/67d57c32e20fd0a7a302cb81d36e40d5-Abstract-Conference.html},
  timestamp    = {Mon, 08 Jan 2024 16:31:29 +0100},
  biburl       = {https://dblp.org/rec/conf/nips/DaoFERR22.bib},
  bibsource    = {dblp computer science bibliography, https://dblp.org}
}

@inproceedings{PyTorch,
  author       = {Adam Paszke and
                  Sam Gross and
                  Francisco Massa and
                  Adam Lerer and
                  James Bradbury and
                  Gregory Chanan and
                  Trevor Killeen and
                  Zeming Lin and
                  Natalia Gimelshein and
                  Luca Antiga and
                  Alban Desmaison and
                  Andreas K{\"{o}}pf and
                  Edward Z. Yang and
                  Zachary DeVito and
                  Martin Raison and
                  Alykhan Tejani and
                  Sasank Chilamkurthy and
                  Benoit Steiner and
                  Lu Fang and
                  Junjie Bai and
                  Soumith Chintala},
  editor       = {Hanna M. Wallach and
                  Hugo Larochelle and
                  Alina Beygelzimer and
                  Florence d'Alch{\'{e}}{-}Buc and
                  Emily B. Fox and
                  Roman Garnett},
  title        = {PyTorch: An Imperative Style, High-Performance Deep Learning Library},
  booktitle    = {Advances in Neural Information Processing Systems 32: Annual Conference
                  on Neural Information Processing Systems 2019, NeurIPS 2019, December
                  8-14, 2019, Vancouver, BC, Canada},
  pages        = {8024--8035},
  year         = {2019},
  url          = {https://proceedings.neurips.cc/paper/2019/hash/bdbca288fee7f92f2bfa9f7012727740-Abstract.html},
  timestamp    = {Mon, 16 May 2022 15:41:51 +0200},
  biburl       = {https://dblp.org/rec/conf/nips/PaszkeGMLBCKLGA19.bib},
  bibsource    = {dblp computer science bibliography, https://dblp.org}
}
@misc{LLAMA3,
      title={The Llama 3 Herd of Models}, 
      author={Abhimanyu Dubey and Abhinav Jauhri and Abhinav Pandey and Abhishek Kadian and Ahmad Al-Dahle and Aiesha Letman and Akhil Mathur and Alan Schelten and Amy Yang and Angela Fan and Anirudh Goyal and Anthony Hartshorn and Aobo Yang and Archi Mitra and Archie Sravankumar and Artem Korenev and Arthur Hinsvark and Arun Rao and Aston Zhang and Aurelien Rodriguez and Austen Gregerson and Ava Spataru and Baptiste Roziere and Bethany Biron and Binh Tang and Bobbie Chern and Charlotte Caucheteux and Chaya Nayak and Chloe Bi and Chris Marra and Chris McConnell and Christian Keller and Christophe Touret and Chunyang Wu and Corinne Wong and Cristian Canton Ferrer and Cyrus Nikolaidis and Damien Allonsius and Daniel Song and Danielle Pintz and Danny Livshits and David Esiobu and Dhruv Choudhary and Dhruv Mahajan and Diego Garcia-Olano and Diego Perino and Dieuwke Hupkes and Egor Lakomkin and Ehab AlBadawy and Elina Lobanova and Emily Dinan and Eric Michael Smith and Filip Radenovic and Frank Zhang et al.},
      year={2024},
      eprint={2407.21783},
      archivePrefix={arXiv},
      primaryClass={cs.AI},
      url={https://arxiv.org/abs/2407.21783}, 
}
@misc{Pythia,
      title={Pythia: A Suite for Analyzing Large Language Models Across Training and Scaling}, 
      author={Stella Biderman and Hailey Schoelkopf and Quentin Anthony and Herbie Bradley and Kyle O'Brien and Eric Hallahan and Mohammad Aflah Khan and Shivanshu Purohit and USVSN Sai Prashanth and Edward Raff and Aviya Skowron and Lintang Sutawika and Oskar van der Wal},
      year={2023},
      eprint={2304.01373},
      archivePrefix={arXiv},
      primaryClass={cs.CL},
      url={https://arxiv.org/abs/2304.01373}, 
}

@article{AdamW_Weight_Decay,
  author       = {Xi Wang and
                  Laurence Aitchison},
  title        = {How to set AdamW's weight decay as you scale model and dataset
                  size},
  journal      = {CoRR},
  volume       = {abs/2405.13698},
  year         = {2024},
  url          = {https://doi.org/10.48550/arXiv.2405.13698},
  doi          = {10.48550/ARXIV.2405.13698},
  eprinttype    = {arXiv},
  eprint       = {2405.13698},
  timestamp    = {Tue, 18 Jun 2024 09:26:38 +0200},
  biburl       = {https://dblp.org/rec/journals/corr/abs-2405-13698.bib},
  bibsource    = {dblp computer science bibliography, https://dblp.org}
}