@inproceedings{gu2021beyond,
  title={Beyond IID: three levels of generalization for question answering on knowledge bases},
  author={Gu, Yu and Kase, Sue and Vanni, Michelle and Sadler, Brian and Liang, Percy and Yan, Xifeng and Su, Yu},
  booktitle={Proceedings of the Web Conference 2021},
  pages={3477--3488},
  year={2021}
}
@inproceedings{decaf,
  title={DecAF: Joint Decoding of Answers and Logical Forms for Question Answering over Knowledge Bases},
  author={Yu, Donghan and Zhang, Sheng and Ng, Patrick and Zhu, Henghui and Li, Alexander Hanbo and Wang, Jun and Hu, Yiqun and Wang, William Yang and Wang, Zhiguo and Xiang, Bing},
  booktitle={The Eleventh International Conference on Learning Representations},
  year={2022}
}

@article{chatkbqa,
  title={Chatkbqa: A generate-then-retrieve framework for knowledge base question answering with fine-tuned large language models},
  author={Luo, Haoran and Tang, Zichen and Peng, Shiyao and Guo, Yikai and Zhang, Wentai and Ma, Chenghao and Dong, Guanting and Song, Meina and Lin, Wei and others},
  journal={arXiv preprint arXiv:2310.08975},
  year={2023}
}

@inproceedings{TOG,
title={Think-on-Graph: Deep and Responsible Reasoning of Large Language Model on Knowledge Graph},
author={Jiashuo Sun and Chengjin Xu and Lumingyuan Tang and Saizhuo Wang and Chen Lin and Yeyun Gong and Lionel Ni and Heung-Yeung Shum and Jian Guo},
booktitle={The Twelfth International Conference on Learning Representations},
year={2024},
}

@inproceedings{
RoG,
title={Reasoning on Graphs: Faithful and Interpretable Large Language Model Reasoning},
author={LINHAO LUO and Yuan-Fang Li and Reza Haf and Shirui Pan},
booktitle={The Twelfth International Conference on Learning Representations},
year={2024},
url={https://openreview.net/forum?id=ZGNWW7xZ6Q}
}
@article{G-retriever,
  title={G-retriever: Retrieval-augmented generation for textual graph understanding and question answering},
  author={He, Xiaoxin and Tian, Yijun and Sun, Yifei and Chawla, Nitesh V and Laurent, Thomas and LeCun, Yann and Bresson, Xavier and Hooi, Bryan},
  journal={arXiv preprint arXiv:2402.07630},
  year={2024}
}

@inproceedings{GMT-KBQA,
  title={Logical form generation via multi-task learning for complex question answering over knowledge bases},
  author={Hu, Xixin and Wu, Xuan and Shu, Yiheng and Qu, Yuzhong},
  booktitle={Proceedings of the 29th International Conference on Computational Linguistics},
  pages={1687--1696},
  year={2022}
}

@inproceedings{CBR-KBQA,
  title={{Case-based Reasoning for Natural Language Queries over Knowledge Bases}},
  author={Das, Rajarshi and Zaheer, Manzil and Thai, Dung and Godbole, Ameya and Perez, Ethan and Lee, Jay-Yoon and Tan, Lizhen and Polymenakos, Lazaros and Mccallum, Andrew},
  booktitle={Proceedings of the 2021 Conference on Empirical Methods in Natural Language Processing},
  pages={9594--9611},
  year={2021}
}


@misc{zhang2023adalora,
      title={{AdaLoRA: Adaptive Budget Allocation for Parameter-Efficient Fine-Tuning}}, 
      author={Qingru Zhang and Minshuo Chen and Alexander Bukharin and Nikos Karampatziakis and Pengcheng He and Yu Cheng and Weizhu Chen and Tuo Zhao},
      year={2023},
      eprint={2303.10512},
      archivePrefix={arXiv},
      primaryClass={cs.CL},
      url={https://arxiv.org/abs/2303.10512}, 
}

@inproceedings{lester2021prompttuning,
    title = "{The Power of Scale for Parameter-Efficient Prompt Tuning}",
    author = "Lester et. al, Brian",
    booktitle = "Proceedings of the 2021 Conference on Empirical Methods in Natural Language Processing",
    month = nov,
    year = "2021",
    address = "Online and Punta Cana, Dominican Republic",
    publisher = "Association for Computational Linguistics",
    url = "https://aclanthology.org/2021.emnlp-main.243",
    doi = "10.18653/v1/2021.emnlp-main.243",
    pages = "3045--3059",
}

@inproceedings{li2021prefix,
    title = "{Prefix-Tuning: Optimizing Continuous Prompts for Generation}",
    author = "Li, Xiang Lisa  and
      Liang, Percy",
    booktitle = "Proceedings of the 59th Annual Meeting of the Association for Computational Linguistics and the 11th International Joint Conference on Natural Language Processing (Volume 1: Long Papers)",
    month = aug,
    year = "2021",
    address = "Online",
    publisher = "Association for Computational Linguistics",
    url = "https://aclanthology.org/2021.acl-long.353",
    doi = "10.18653/v1/2021.acl-long.353",
    pages = "4582--4597",
}

@inproceedings{ELQ,
  title={Efficient One-Pass End-to-End Entity Linking for Questions},
  author={Li, Belinda Z and Min, Sewon and Iyer, Srinivasan and Mehdad, Yashar and Yih, Wen-tau},
  booktitle={Proceedings of the 2020 Conference on Empirical Methods in Natural Language Processing (EMNLP)},
  pages={6433--6441},
  year={2020}
}
@article{facc1,
author = {Gabrilovich, Evgeniy and Ringgaard, Michael and Subramanya, Amarnag},
year = {2013},
month = {06},
pages = {},
title = {FACC1: Freebase annotation of ClueWeb corpora,Version 1}
}
@article{douze2024faiss,
      title={The Faiss library},
      author={Matthijs Douze and Alexandr Guzhva and Chengqi Deng and Jeff Johnson and Gergely Szilvasy and Pierre-Emmanuel Mazaré and Maria Lomeli and Lucas Hosseini and Hervé Jégou},
      year={2024},
      eprint={2401.08281},
      archivePrefix={arXiv},
      primaryClass={cs.LG}
}

@inproceedings{miller2016key,
  title={Key-Value Memory Networks for Directly Reading Documents},
  author={Miller, Alexander and Fisch, Adam and Dodge, Jesse and Karimi, Amir-Hossein and Bordes, Antoine and Weston, Jason},
  booktitle={Proceedings of the 2016 Conference on Empirical Methods in Natural Language Processing},
  pages={1400--1409},
  year={2016}
}
@inproceedings{EmbedKGQA,
  title={Improving multi-hop question answering over knowledge graphs using knowledge base embeddings},
  author={Saxena, Apoorv and Tripathi, Aditay and Talukdar, Partha},
  booktitle={Proceedings of the 58th annual meeting of the association for computational linguistics},
  pages={4498--4507},
  year={2020}
}
@inproceedings{NSM,
  title={{Improving multi-hop knowledge base question answering by learning intermediate supervision signals}},
  author={He, Gaole and Lan, Yunshi and Jiang, Jing and Zhao, Wayne Xin and Wen, Ji-Rong},
  booktitle={Proceedings of the 14th ACM international conference on web search and data mining},
  pages={553--561},
  year={2021}
}
@inproceedings{KGT5,
  title={Sequence-to-Sequence Knowledge Graph Completion and Question Answering},
  author={Saxena et al., Apoorv},
  booktitle={Proceedings of the 60th Annual Meeting of the Association for Computational Linguistics (Volume 1: Long Papers)},
  pages={2814--2828},
  year={2022}
}
@inproceedings{shi2021transfernet,
  title={TransferNet: An Effective and Transparent Framework for Multi-hop Question Answering over Relation Graph},
  author={Shi, Jiaxin and Cao, Shulin and Hou, Lei and Li, Juanzi and Zhang, Hanwang},
  booktitle={Proceedings of the 2021 Conference on Empirical Methods in Natural Language Processing},
  pages={4149--4158},
  year={2021}
}
@inproceedings{zhang2022subgraph,
  title={{Subgraph Retrieval Enhanced Model for Multi-hop Knowledge Base Question Answering}},
  author={Zhang, Jing and Zhang, Xiaokang and Yu, Jifan and Tang, Jian and Tang, Jie and Li, Cuiping and Chen, Hong},
  booktitle={Proceedings of the 60th Annual Meeting of the Association for Computational Linguistics (Volume 1: Long Papers)},
  pages={5773--5784},
  year={2022}
}

@inproceedings{sun-etal-2019-pullnet,
    title = "{P}ull{N}et: Open Domain Question Answering with Iterative Retrieval on Knowledge Bases and Text",
    author = "Sun et al., Haitian",
    booktitle = "Proceedings of the 2019 Conference on Empirical Methods in Natural Language Processing and the 9th International Joint Conference on Natural Language Processing (EMNLP-IJCNLP)",
    month = nov,
    year = "2019",
    address = "Hong Kong, China",
    publisher = "Association for Computational Linguistics",
    url = "https://aclanthology.org/D19-1242",
    doi = "10.18653/v1/D19-1242",
    pages = "2380--2390",
}

@inproceedings{shu-etal-2022-tiara,
    title = "{TIARA}: Multi-grained Retrieval for Robust Question Answering over Large Knowledge Base",
    author = {Shu, Yiheng  and
      Yu, Zhiwei  and
      Li, Yuhan  and
      Karlsson, B{\"o}rje  and
      Ma, Tingting  and
      Qu, Yuzhong  and
      Lin, Chin-Yew},
    booktitle = "Proceedings of the 2022 Conference on Empirical Methods in Natural Language Processing",
    month = dec,
    year = "2022",
    address = "Abu Dhabi, United Arab Emirates",
    publisher = "Association for Computational Linguistics",
    url = "https://aclanthology.org/2022.emnlp-main.555",
    doi = "10.18653/v1/2022.emnlp-main.555",
    pages = "8108--8121",
}
@inproceedings{xie-etal-2022-unifiedskg,
    title = "{U}nified{SKG}: Unifying and Multi-Tasking Structured Knowledge Grounding with Text-to-Text Language Models",
    author = "Xie, Tianbao  and
      Wu, Chen Henry  and
      et. al",
    booktitle = "Proceedings of the 2022 Conference on Empirical Methods in Natural Language Processing",
    month = dec,
    year = "2022",
    address = "Abu Dhabi, United Arab Emirates",
    publisher = "Association for Computational Linguistics",
    url = "https://aclanthology.org/2022.emnlp-main.39",
    doi = "10.18653/v1/2022.emnlp-main.39",
    pages = "602--631",
}

@inproceedings{fc-kbqa,
  title={FC-KBQA: A Fine-to-Coarse Composition Framework for Knowledge Base Question Answering},
  author={Zhang, Lingxi and Zhang, Jing and Wang, Yanling and Cao, Shulin and Huang, Xinmei and Li, Cuiping and Chen, Hong and Li, Juanzi},
  booktitle={The 61st Annual Meeting Of The Association For Computational Linguistics},
  year={2023}
}
@inproceedings{rng-kbqa,
    title = "{RNG}-{KBQA}: Generation Augmented Iterative Ranking for Knowledge Base Question Answering",
    author = "Ye, Xi  and
      Yavuz, Semih  and
      Hashimoto, Kazuma  and
      Zhou, Yingbo  and
      Xiong, Caiming",
    booktitle = "Proceedings of the 60th Annual Meeting of the Association for Computational Linguistics",
    month = may,
    year = "2022",
    address = "Dublin, Ireland",
    publisher = "Association for Computational Linguistics",
    url = "https://aclanthology.org/2022.acl-long.417",
    doi = "10.18653/v1/2022.acl-long.417",
    pages = "6032--6043",
}
@article{mavromatis2024gnn,
  title={GNN-RAG: Graph Neural Retrieval for Large Language Model Reasoning},
  author={Mavromatis et al., Costas},
  journal={arXiv preprint arXiv:2405.20139},
  year={2024}
}

@article{sun2023think,
  title={Think-on-graph: Deep and responsible reasoning of large language model with knowledge graph},
  author={Sun, Jiashuo and Xu, Chengjin and Tang, Lumingyuan and Wang, Saizhuo and Lin, Chen and Gong, Yeyun and Shum, Heung-Yeung and Guo, Jian},
  journal={arXiv preprint arXiv:2307.07697},
  year={2023}
}

@inproceedings{pangu,
  title={Don’t Generate, Discriminate: A Proposal for Grounding Language Models to Real-World Environments},
  author={Gu, Yu and Deng, Xiang and Su, Yu},
  booktitle={Proceedings of the 61st Annual Meeting of the Association for Computational Linguistics (Volume 1: Long Papers)},
  pages={4928--4949},
  year={2023}
}
@article{wang2023knowledge,
  title={Knowledge-driven cot: Exploring faithful reasoning in llms for knowledge-intensive question answering},
  author={Wang, Keheng and Duan, Feiyu and Wang, Sirui and Li, Peiguang and Xian, Yunsen and Yin, Chuantao and Rong, Wenge and Xiong, Zhang},
  journal={arXiv preprint arXiv:2308.13259},
  year={2023}
}

@inproceedings{sun-etal-2018-open,
    title = "Open Domain Question Answering Using Early Fusion of Knowledge Bases and Text",
    author = "Sun et al., Haitian",
    booktitle = "Proceedings of the 2018 Conference on Empirical Methods in Natural Language Processing",
    month = oct # "-" # nov,
    year = "2018",
    pages = "4231--4242",
}
@inproceedings{
unikgqa,
title={Uni{KGQA}: Unified Retrieval and Reasoning for Solving Multi-hop Question Answering Over Knowledge Graph},
author={Jinhao Jiang and Kun Zhou and Xin Zhao and Ji-Rong Wen},
booktitle={The Eleventh International Conference on Learning Representations },
year={2023},
url={https://openreview.net/forum?id=Z63RvyAZ2Vh}
}
@article{sui2024fidelis,
  title={FiDeLiS: Faithful Reasoning in Large Language Model for Knowledge Graph Question Answering},
  author={Sui, Yuan and He, Yufei and Liu, Nian and He, Xiaoxin and Wang, Kun and Hooi, Bryan},
  journal={arXiv preprint arXiv:2405.13873},
  year={2024}
}



@inproceedings{structgpt,
  title={StructGPT: A General Framework for Large Language Model to Reason over Structured Data},
  author={Jiang, Jinhao and Zhou, Kun and Dong, Zican and Ye, Keming and Zhao, Wayne Xin and Wen, Ji-Rong},
  booktitle={Proceedings of the 2023 Conference on Empirical Methods in Natural Language Processing},
  pages={9237--9251},
  year={2023}
}
@inproceedings{webqsp,
  title={The value of semantic parse labeling for knowledge base question answering},
  author={Yih, Wen-tau and Richardson, Matthew and Meek, Christopher and Chang, Ming-Wei and Suh, Jina},
  booktitle={Proceedings of the 54th Annual Meeting of the Association for Computational Linguistics (Volume 2: Short Papers)},
  pages={201--206},
  year={2016}
}
@inproceedings{CWQ,
    title = "The Web as a Knowledge-Base for Answering Complex Questions",
    author = "Talmor, Alon  and
      Berant, Jonathan",
    editor = "Walker, Marilyn  and
      Ji, Heng  and
      Stent, Amanda",
    booktitle = "Proceedings of the 2018 Conference of the North {A}merican Chapter of the Association for Computational Linguistics: Human Language Technologies, Volume 1 (Long Papers)",
    month = jun,
    year = "2018",
    address = "New Orleans, Louisiana",
    publisher = "Association for Computational Linguistics",
    url = "https://aclanthology.org/N18-1059",
    doi = "10.18653/v1/N18-1059",
    pages = "641--651",
}

@inproceedings{bollacker2008freebase,
  title={Freebase: a collaboratively created graph database for structuring human knowledge},
  author={Bollacker, Kurt and Evans, Colin and Paritosh, Praveen and Sturge, Tim and Taylor, Jamie},
  booktitle={Proceedings of the 2008 ACM SIGMOD international conference on Management of data},
  pages={1247--1250},
  year={2008}
}

@article{touvron2023llama,
  title={Llama 2: Open foundation and fine-tuned chat models},
  author={Touvron, Hugo and Martin, Louis and Stone, Kevin and Albert, Peter and Almahairi, Amjad and Babaei, Yasmine and Bashlykov, Nikolay and Batra, Soumya and Bhargava, Prajjwal and Bhosale, Shruti and others},
  journal={arXiv preprint arXiv:2307.09288},
  year={2023}
}

@inproceedings{liang2017neural,
    title = "{Neural Symbolic Machines: Learning Semantic Parsers on {F}reebase with Weak Supervision}",
    author = "Liang, Chen  and
      Berant, Jonathan  and
      Le, Quoc  and
      Forbus, Kenneth D.  and
      Lao, Ni",
    booktitle = "Proceedings of the 55th Annual Meeting of the Association for Computational Linguistics (Volume 1: Long Papers)",
    month = jul,
    year = "2017",
    address = "Vancouver, Canada",
    publisher = "Association for Computational Linguistics",
    url = "https://aclanthology.org/P17-1003",
    doi = "10.18653/v1/P17-1003",
    pages = "23--33",
}

@inproceedings{chen2019uhop,
    title = "{UH}op: An Unrestricted-Hop Relation Extraction Framework for Knowledge-Based Question Answering",
    author = "Chen, Zi-Yuan  and
      Chang, Chih-Hung  and
      Chen, Yi-Pei  and
      Nayak, Jijnasa  and
      Ku, Lun-Wei",
    booktitle = "Proceedings of the 2019 Conference of the North {A}merican Chapter of the Association for Computational Linguistics: Human Language Technologies, Volume 1 (Long and Short Papers)",
    month = jun,
    year = "2019",
    address = "Minneapolis, Minnesota",
    publisher = "Association for Computational Linguistics",
    url = "https://aclanthology.org/N19-1031",
    doi = "10.18653/v1/N19-1031",
    pages = "345--356",
}


@inproceedings{lan2020query,
    title = "Query Graph Generation for Answering Multi-hop Complex Questions from Knowledge Bases",
    author = "Lan, Yunshi  and
      Jiang, Jing",
    booktitle = "Proceedings of the 58th Annual Meeting of the Association for Computational Linguistics",
    month = jul,
    year = "2020",
    address = "Online",
    publisher = "Association for Computational Linguistics",
    url = "https://aclanthology.org/2020.acl-main.91",
    doi = "10.18653/v1/2020.acl-main.91",
    pages = "969--974",
}

@inproceedings{jiang2023unikgqa,
    title={Uni{KGQA}: Unified Retrieval and Reasoning for Solving Multi-hop Question Answering Over Knowledge Graph},
    author={Jinhao Jiang and Kun Zhou and Xin Zhao and Ji-Rong Wen},
    booktitle={The Eleventh International Conference on Learning Representations },
    year={2023},
    url={https://openreview.net/forum?id=Z63RvyAZ2Vh}
}

@inproceedings{baek2023knowledge,
  title={Knowledge-Augmented Language Model Prompting for Zero-Shot Knowledge Graph Question Answering},
  author={Baek, Jinheon and Aji, Alham Fikri and Saffari, Amir},
  booktitle={Proceedings of the 1st Workshop on Natural Language Reasoning and Structured Explanations (NLRSE)},
  pages={78--106},
  year={2023}
}
@article{zhao2023survey,
  title={A survey of large language models},
  author={Zhao, Wayne Xin and Zhou, Kun and Li, Junyi and Tang, Tianyi and Wang, Xiaolei and Hou, Yupeng and Min, Yingqian and Zhang, Beichen and Zhang, Junjie and Dong, Zican and others},
  journal={arXiv preprint arXiv:2303.18223},
  year={2023}
}
@misc{openai2024gpt4,
  title={GPT-4 Technical Report}, 
  author={OpenAI},
  year={2024},
  eprint={2303.08774},
  archivePrefix={arXiv},
  primaryClass={cs.CL},
  url={https://arxiv.org/abs/2303.08774}, 
}

@article{wikidata,
author = {Vrande\v{c}i\'{c}, Denny and Kr\"{o}tzsch, Markus},
title = {Wikidata: a free collaborative knowledgebase},
year = {2014},
issue_date = {October 2014},
publisher = {Association for Computing Machinery},
address = {New York, NY, USA},
volume = {57},
number = {10},
issn = {0001-0782},
url = {https://doi.org/10.1145/2629489},
doi = {10.1145/2629489},
journal = {Commun. ACM},
month = {sep},
pages = {78–85},
numpages = {8}
}

@article{he2023survey,
  title={A survey of large language models for healthcare: from data, technology, and applications to accountability and ethics},
  author={He, Kai and Mao, Rui and Lin, Qika and Ruan, Yucheng and Lan, Xiang and Feng, Mengling and Cambria, Erik},
  journal={arXiv preprint arXiv:2310.05694},
  year={2023}
}
@article{dong2024attacks,
  title={Attacks, defenses and evaluations for llm conversation safety: A survey},
  author={Dong, Zhichen and Zhou, Zhanhui and Yang, Chao and Shao, Jing and Qiao, Yu},
  journal={arXiv preprint arXiv:2402.09283},
  year={2024}
}
@article{chen2023longlora,
  title={Longlora: Efficient fine-tuning of long-context large language models},
  author={Chen, Yukang and Qian, Shengju and Tang, Haotian and Lai, Xin and Liu, Zhijian and Han, Song and Jia, Jiaya},
  journal={arXiv preprint arXiv:2309.12307},
  year={2023}
}

@misc{hong2023faithful,
  title={{Faithful Question Answering with Monte-Carlo Planning}}, 
  author={Ruixin Hong and Hongming Zhang and Hong Zhao and Dong Yu and Changshui Zhang},
  year={2023},
  eprint={2305.02556},
  archivePrefix={arXiv},
  primaryClass={cs.CL},
  url={https://arxiv.org/abs/2305.02556}, 
}

@misc{du2024improving,
    title={{Improving Factuality and Reasoning in Language Models through Multiagent Debate}},
    author={Yilun Du and Shuang Li and Antonio Torralba and Joshua B. Tenenbaum and Igor Mordatch},
    year={2024},
    url={https://openreview.net/forum?id=QAwaaLJNCk}
}


@article{wang2024beyond,
  title={Beyond the limits: A survey of techniques to extend the context length in large language models},
  author={Wang, Xindi and Salmani, Mahsa and Omidi, Parsa and Ren, Xiangyu and Rezagholizadeh, Mehdi and Eshaghi, Armaghan},
  journal={arXiv preprint arXiv:2402.02244},
  year={2024}
}

@article{ji2023survey,
  title={Survey of hallucination in natural language generation},
  author={Ji, Ziwei and Lee, Nayeon and Frieske, Rita and Yu, Tiezheng and Su, Dan and Xu, Yan and Ishii, Etsuko and Bang, Ye Jin and Madotto, Andrea and Fung, Pascale},
  journal={ACM Computing Surveys},
  volume={55},
  number={12},
  pages={1--38},
  year={2023},
  publisher={ACM New York, NY}
}

@article{devlin2018bert,
  title={Bert: Pre-training of deep bidirectional transformers for language understanding},
  author={Devlin, Jacob},
  journal={arXiv preprint arXiv:1810.04805},
  year={2018}
}



@inproceedings{ProgramTransfer,
  title={Program Transfer for Answering Complex Questions over Knowledge Bases},
  author={Cao, Shulin and Shi, Jiaxin and Yao, Zijun and Lv, Xin and Yu, Jifan and Hou, Lei and Li, Juanzi and Liu, Zhiyuan and Xiao, Jinghui},
  booktitle={Proceedings of the 60th Annual Meeting of the Association for Computational Linguistics (Volume 1: Long Papers)},
  pages={8128--8140},
  year={2022}
}

@article{DerongXU186357,
author = {Derong XU and Wei CHEN and Wenjun PENG and Chao ZHANG and Tong XU and Xiangyu ZHAO and Xian WU and Yefeng ZHENG and Yang WANG and Enhong CHEN},
title = {Large language models for generative information extraction: a survey},
publisher = {Front. Comput. Sci.},
year = {2024},
journal = {Frontiers of Computer Science},
volume = {18},
number = {6},
eid = {186357},
numpages = {0},
pages = {186357},
keywords = {information extraction;large language models;review},
url = {https://journal.hep.com.cn/fcs/EN/abstract/article_48188.shtml},
doi = {10.1007/s11704-024-40555-y}
}    


@article{LeiWANG186345,
author = {Lei WANG and Chen MA and Xueyang FENG and Zeyu ZHANG and Hao YANG and Jingsen ZHANG and Zhiyuan CHEN and Jiakai TANG and Xu CHEN and Yankai LIN and Wayne Xin ZHAO and Zhewei WEI and Jirong WEN},
title = {A survey on large language model based autonomous agents},
publisher = {Front. Comput. Sci.},
year = {2024},
journal = {Frontiers of Computer Science},
volume = {18},
number = {6},
eid = {186345},
numpages = {0},
pages = {186345},
keywords = {autonomous agent;large language model;human-level intelligence},
url = {https://journal.hep.com.cn/fcs/EN/abstract/article_37552.shtml},
doi = {10.1007/s11704-024-40231-1}
}    

@article{YufeiZENG176340,
author = {Yufei ZENG and Zhixin LI and Zhenbin CHEN and Huifang MA},
title = {Aspect-level sentiment analysis based on semantic heterogeneous graph convolutional network},
publisher = {Front. Comput. Sci.},
year = {2023},
journal = {Frontiers of Computer Science},
volume = {17},
number = {6},
eid = {176340},
numpages = {0},
pages = {176340},
keywords = {heterogeneous graph convolution network;multi-head attention network;aspect-based sentiment analysis;deep learning;affective knowledge},
url = {https://journal.hep.com.cn/fcs/EN/abstract/article_33350.shtml},
doi = {10.1007/s11704-022-2256-5}
}    

@article{MuningWEN176349,
author = {Muning WEN and Runji LIN and Hanjing WANG and Yaodong YANG and Ying WEN and Luo MAI and Jun WANG and Haifeng ZHANG and Weinan ZHANG},
title = {Large sequence models for sequential decision-making: a survey},
publisher = {Front. Comput. Sci.},
year = {2023},
journal = {Frontiers of Computer Science},
volume = {17},
number = {6},
eid = {176349},
numpages = {0},
pages = {176349},
keywords = {sequential decision-making;sequence modeling;the Transformer;training system},
url = {https://journal.hep.com.cn/fcs/EN/abstract/article_34914.shtml},
doi = {10.1007/s11704-023-2689-5}
}    

@InProceedings{10.1007/978-981-97-7232-2_18,
author="Bao, Tong
and Xu, Tong
and Xu, Derong
and Zheng, Zhi",
editor="Zhang, Wenjie
and Tung, Anthony
and Zheng, Zhonglong
and Yang, Zhengyi
and Wang, Xiaoyang
and Guo, Hongjie",
title="Modal Complementarity Based on Multimodal Large Language Model for Text-Based Person Retrieval",
booktitle="Web and Big Data",
year="2024",
publisher="Springer Nature Singapore",
address="Singapore",
pages="264--279",
isbn="978-981-97-7232-2"
}
@inproceedings{liu2024unimel,
  title={Unimel: A unified framework for multimodal entity linking with large language models},
  author={Liu, Qi and He, Yongyi and Xu, Tong and Lian, Defu and Liu, Che and Zheng, Zhi and Chen, Enhong},
  booktitle={Proceedings of the 33rd ACM International Conference on Information and Knowledge Management},
  pages={1909--1919},
  year={2024}
}
@article{wu2024survey,
  title={A survey on large language models for recommendation},
  author={Wu, Likang and Zheng, Zhi and Qiu, Zhaopeng and Wang, Hao and Gu, Hongchao and Shen, Tingjia and Qin, Chuan and Zhu, Chen and Zhu, Hengshu and Liu, Qi and others},
  journal={World Wide Web},
  volume={27},
  number={5},
  pages={60},
  year={2024},
  publisher={Springer}
}
@inproceedings{li2024visualization,
  title={Visualization recommendation with prompt-based reprogramming of large language models},
  author={Li, Xinhang and Zhou, Jingbo and Chen, Wei and Xu, Derong and Xu, Tong and Chen, Enhong},
  booktitle={Proceedings of the 62nd Annual Meeting of the Association for Computational Linguistics (Volume 1: Long Papers)},
  pages={13250--13262},
  year={2024}
}
@inproceedings{xu2024multi,
  title={Multi-perspective Improvement of Knowledge Graph Completion with Large Language Models},
  author={Xu, Derong and Zhang, Ziheng and Lin, Zhenxi and Wu, Xian and Zhu, Zhihong and Xu, Tong and Zhao, Xiangyu and Zheng, Yefeng and Chen, Enhong},
  booktitle={Proceedings of the 2024 Joint International Conference on Computational Linguistics, Language Resources and Evaluation (LREC-COLING 2024)},
  pages={11956--11968},
  year={2024}
}
@inproceedings{xu2022relation,
  title={Relation-enhanced negative sampling for multimodal knowledge graph completion},
  author={Xu, Derong and Xu, Tong and Wu, Shiwei and Zhou, Jingbo and Chen, Enhong},
  booktitle={Proceedings of the 30th ACM international conference on multimedia},
  pages={3857--3866},
  year={2022}
}
@inproceedings{liu2024moe,
  title={When moe meets llms: Parameter efficient fine-tuning for multi-task medical applications},
  author={Liu, Qidong and Wu, Xian and Zhao, Xiangyu and Zhu, Yuanshao and Xu, Derong and Tian, Feng and Zheng, Yefeng},
  booktitle={Proceedings of the 47th International ACM SIGIR Conference on Research and Development in Information Retrieval},
  pages={1104--1114},
  year={2024}
}
@inproceedings{wang2023federated,
  title={Federated Knowledge Graph Completion via Latent Embedding Sharing and Tensor Factorization},
  author={Wang, Maolin and Zeng, Dun and Xu, Zenglin and Guo, Ruocheng and Zhao, Xiangyu},
  booktitle={2023 IEEE International Conference on Data Mining (ICDM)},
  pages={1361--1366},
  year={2023},
  organization={IEEE}
}
@article{chenplan,
  title={Plan-on-Graph: Self-Correcting Adaptive Planning of Large Language Model on Knowledge Graphs},
  author={Chen, Liyi and Tong, Panrong and Jin, Zhongming and Sun, Ying and Ye, Jieping and Xiong, Hui},
  journal={arXiv preprint arXiv:2410.23875},
  year={2024}
}
@inproceedings{chen2024tackling,
  title={Tackling uncertain correspondences for multi-modal entity alignment},
  author={Chen, Liyi and Sun, Ying and Zhang, Shengzhe and Ye, Yuyang and Wu, Wei and Xiong, Hui},
  booktitle={The Thirty-eighth Annual Conference on Neural Information Processing Systems},
  year={2024}
}

@article{robertson2009probabilistic,
  title={The probabilistic relevance framework: BM25 and beyond},
  author={Robertson, Stephen and Zaragoza, Hugo and others},
  journal={Foundations and Trends{\textregistered} in Information Retrieval},
  volume={3},
  number={4},
  pages={333--389},
  year={2009},
  publisher={Now Publishers, Inc.}
}

@article{gao2021simcse,
  title={Simcse: Simple contrastive learning of sentence embeddings},
  author={Gao, Tianyu and Yao, Xingcheng and Chen, Danqi},
  journal={arXiv preprint arXiv:2104.08821},
  year={2021}
}