
@article{srivastava2022beyond,
  title={Beyond the Imitation Game: Quantifying and extrapolating the capabilities of language models},
  author={Srivastava, Aarohi and Rastogi, Abhinav and Rao, Abhishek and Shoeb, Abu Awal Md and Abid, Abubakar and Fisch, Adam and Brown, Adam R and Santoro, Adam and Gupta, Aditya and Garriga-Alonso, Adri{\`a} and others},
  journal={arXiv preprint arXiv:2206.04615},
  year={2022}
}


@book{Goodfellow-et-al-2016,
    title={Deep Learning},
    author={Ian Goodfellow and Yoshua Bengio and Aaron Courville},
    publisher={MIT Press},
    note={\url{http://www.deeplearningbook.org}},
    year={2016}
}

@ARTICLE{2020SciPy-NMeth,
  author  = {Virtanen, Pauli and Gommers, Ralf and Oliphant, Travis E. and
           Haberland, Matt and Reddy, Tyler and Cournapeau, David and
            Burovski, Evgeni and Peterson, Pearu and Weckesser, Warren and
            Bright, Jonathan and {van der Walt}, St{\'e}fan J. and
            Brett, Matthew and Wilson, Joshua and Millman, K. Jarrod and
            Mayorov, Nikolay and Nelson, Andrew R. J. and Jones, Eric and
            Kern, Robert and Larson, Eric and Carey, C J and
            Polat, {\.I}lhan and Feng, Yu and Moore, Eric W. and
            {VanderPlas}, Jake and Laxalde, Denis and Perktold, Josef and
            Cimrman, Robert and Henriksen, Ian and Quintero, E. A. and
            Harris, Charles R. and Archibald, Anne M. and
            Ribeiro, Ant{\^o}nio H. and Pedregosa, Fabian and
            {van Mulbregt}, Paul and {SciPy 1.0 Contributors}},
  title   = {{{SciPy} 1.0: Fundamental Algorithms for Scientific
            Computing in Python}},
  journal = {Nature Methods},
  year    = {2020},
  volume  = {17},
  pages   = {261--272},
  adsurl  = {https://rdcu.be/b08Wh},
  doi     = {10.1038/s41592-019-0686-2},
}

@article{virtanen2020scipy,
  title={SciPy 1.0: fundamental algorithms for scientific computing in Python},
  author={Virtanen, Pauli and Gommers, Ralf and Oliphant, Travis E and Haberland, Matt and Reddy, Tyler and Cournapeau, David and Burovski, Evgeni and Peterson, Pearu and Weckesser, Warren and Bright, Jonathan and others},
  journal={Nature methods},
  volume={17},
  number={3},
  pages={261--272},
  year={2020},
  publisher={Nature Publishing Group}
}

@article{evans2021truthful,
  title={Truthful AI: Developing and governing AI that does not lie},
  author={Evans, Owain and Cotton-Barratt, Owen and Finnveden, Lukas and Bales, Adam and Balwit, Avital and Wills, Peter and Righetti, Luca and Saunders, William},
  journal={arXiv preprint arXiv:2110.06674},
  year={2021}
}

@article{lin2021truthfulqa,
  title={Truthfulqa: Measuring how models mimic human falsehoods},
  author={Lin, Stephanie and Hilton, Jacob and Evans, Owain},
  journal={arXiv preprint arXiv:2109.07958},
  year={2021}
}

@article{wei2022chain,
  title={Chain of thought prompting elicits reasoning in large language models},
  author={Wei, Jason and Wang, Xuezhi and Schuurmans, Dale and Bosma, Maarten and Chi, Ed and Le, Quoc and Zhou, Denny},
  journal={arXiv preprint arXiv:2201.11903},
  year={2022}
}

@article{power2022grokking,
  title={Grokking: Generalization beyond overfitting on small algorithmic datasets},
  author={Power, Alethea and Burda, Yuri and Edwards, Harri and Babuschkin, Igor and Misra, Vedant},
  journal={arXiv preprint arXiv:2201.02177},
  year={2022}
}

@ARTICLE{2020arXiv200708558D,
       author = {{Djolonga}, Josip and {Yung}, Jessica and {Tschannen}, Michael and {Romijnders}, Rob and {Beyer}, Lucas and {Kolesnikov}, Alexander and {Puigcerver}, Joan and {Minderer}, Matthias and {D'Amour}, Alexander and {Moldovan}, Dan and {Gelly}, Sylvain and {Houlsby}, Neil and {Zhai}, Xiaohua and {Lucic}, Mario},
        title = "{On Robustness and Transferability of Convolutional Neural Networks}",
      journal = {arXiv e-prints},
     keywords = {Computer Science - Computer Vision and Pattern Recognition, Computer Science - Machine Learning},
         year = 2020,
        month = jul,
          eid = {arXiv:2007.08558},
        pages = {arXiv:2007.08558},
archivePrefix = {arXiv},
       eprint = {2007.08558},
 primaryClass = {cs.CV},
       adsurl = {https://ui.adsabs.harvard.edu/abs/2020arXiv200708558D},
      adsnote = {Provided by the SAO/NASA Astrophysics Data System}
}

@ARTICLE{2018arXiv181103259Z,
       author = {{Zhao}, Shengjia and {Ren}, Hongyu and {Yuan}, Arianna and {Song}, Jiaming and {Goodman}, Noah and {Ermon}, Stefano},
        title = "{Bias and Generalization in Deep Generative Models: An Empirical Study}",
      journal = {arXiv e-prints},
     keywords = {Computer Science - Machine Learning, Statistics - Machine Learning},
         year = 2018,
        month = nov,
          eid = {arXiv:1811.03259},
        pages = {arXiv:1811.03259},
archivePrefix = {arXiv},
       eprint = {1811.03259},
 primaryClass = {cs.LG},
       adsurl = {https://ui.adsabs.harvard.edu/abs/2018arXiv181103259Z},
      adsnote = {Provided by the SAO/NASA Astrophysics Data System}
}

@ARTICLE{icm2020arXiv200108361K,
       author = {{Kaplan}, Jared and {McCandlish}, Sam and {Henighan}, Tom and {Brown}, Tom B. and {Chess}, Benjamin and {Child}, Rewon and {Gray}, Scott and {Radford}, Alec and {Wu}, Jeffrey and {Amodei}, Dario},
        title = "{Scaling Laws for Neural Language Models}",
      journal = {arXiv e-prints},
     keywords = {Computer Science - Machine Learning, Statistics - Machine Learning},
         year = 2020,
        month = jan,
          eid = {arXiv:2001.08361},
        pages = {arXiv:2001.08361},
archivePrefix = {arXiv},
       eprint = {2001.08361},
 primaryClass = {cs.LG},
       adsurl = {https://ui.adsabs.harvard.edu/abs/2020arXiv200108361K},
      adsnote = {Provided by the SAO/NASA Astrophysics Data System}
}

@ARTICLE{2020arXiv201014701H,
       author = {{Henighan}, Tom and {Kaplan}, Jared and {Katz}, Mor and {Chen}, Mark and {Hesse}, Christopher and {Jackson}, Jacob and {Jun}, Heewoo and {Brown}, Tom B. and {Dhariwal}, Prafulla and {Gray}, Scott and {Hallacy}, Chris and {Mann}, Benjamin and {Radford}, Alec and {Ramesh}, Aditya and {Ryder}, Nick and {Ziegler}, Daniel M. and {Schulman}, John and {Amodei}, Dario and {McCandlish}, Sam},
        title = "{Scaling Laws for Autoregressive Generative Modeling}",
      journal = {arXiv e-prints},
     keywords = {Computer Science - Machine Learning, Computer Science - Computation and Language, Computer Science - Computer Vision and Pattern Recognition},
         year = 2020,
        month = oct,
          eid = {arXiv:2010.14701},
        pages = {arXiv:2010.14701},
archivePrefix = {arXiv},
       eprint = {2010.14701},
 primaryClass = {cs.LG},
       adsurl = {https://ui.adsabs.harvard.edu/abs/2020arXiv201014701H},
      adsnote = {Provided by the SAO/NASA Astrophysics Data System}
}

@ARTICLE{2021arXiv210305247L,
       author = {{Lu}, Kevin and {Grover}, Aditya and {Abbeel}, Pieter and {Mordatch}, Igor},
        title = "{Pretrained Transformers as Universal Computation Engines}",
      journal = {arXiv e-prints},
     keywords = {Computer Science - Machine Learning, Computer Science - Artificial Intelligence},
         year = 2021,
        month = mar,
          eid = {arXiv:2103.05247},
        pages = {arXiv:2103.05247},
archivePrefix = {arXiv},
       eprint = {2103.05247},
 primaryClass = {cs.LG},
       adsurl = {https://ui.adsabs.harvard.edu/abs/2021arXiv210305247L},
      adsnote = {Provided by the SAO/NASA Astrophysics Data System}
}

@ARTICLE{2020arXiv200514165B,
       author = {{Brown}, Tom B. and {Mann}, Benjamin and {Ryder}, Nick and {Subbiah}, Melanie and {Kaplan}, Jared and {Dhariwal}, Prafulla and {Neelakantan}, Arvind and {Shyam}, Pranav and {Sastry}, Girish and {Askell}, Amanda and {Agarwal}, Sandhini and {Herbert-Voss}, Ariel and {Krueger}, Gretchen and {Henighan}, Tom and {Child}, Rewon and {Ramesh}, Aditya and {Ziegler}, Daniel M. and {Wu}, Jeffrey and {Winter}, Clemens and {Hesse}, Christopher and {Chen}, Mark and {Sigler}, Eric and {Litwin}, Mateusz and {Gray}, Scott and {Chess}, Benjamin and {Clark}, Jack and {Berner}, Christopher and {McCandlish}, Sam and {Radford}, Alec and {Sutskever}, Ilya and {Amodei}, Dario},
        title = "{Language Models are Few-Shot Learners}",
      journal = {arXiv e-prints},
     keywords = {Computer Science - Computation and Language},
         year = 2020,
        month = may,
          eid = {arXiv:2005.14165},
        pages = {arXiv:2005.14165},
archivePrefix = {arXiv},
       eprint = {2005.14165},
 primaryClass = {cs.CL},
       adsurl = {https://ui.adsabs.harvard.edu/abs/2020arXiv200514165B},
      adsnote = {Provided by the SAO/NASA Astrophysics Data System}
}

% reference to neurips version
@article{brown2020language,
  title={Language models are few-shot learners},
  author={Brown, Tom and Mann, Benjamin and Ryder, Nick and Subbiah, Melanie and Kaplan, Jared D and Dhariwal, Prafulla and Neelakantan, Arvind and Shyam, Pranav and Sastry, Girish and Askell, Amanda and others},
  journal={Advances in neural information processing systems},
  volume={33},
  pages={1877--1901},
  year={2020}
}

@ARTICLE{2021arXiv210300020R,
       author = {{Radford}, Alec and {Kim}, Jong Wook and {Hallacy}, Chris and {Ramesh}, Aditya and {Goh}, Gabriel and {Agarwal}, Sandhini and {Sastry}, Girish and {Askell}, Amanda and {Mishkin}, Pamela and {Clark}, Jack and {Krueger}, Gretchen and {Sutskever}, Ilya},
        title = "{Learning Transferable Visual Models From Natural Language Supervision}",
      journal = {arXiv e-prints},
     keywords = {Computer Science - Computer Vision and Pattern Recognition, Computer Science - Machine Learning},
         year = 2021,
        month = feb,
          eid = {arXiv:2103.00020},
        pages = {arXiv:2103.00020},
archivePrefix = {arXiv},
       eprint = {2103.00020},
 primaryClass = {cs.CV},
       adsurl = {https://ui.adsabs.harvard.edu/abs/2021arXiv210300020R},
      adsnote = {Provided by the SAO/NASA Astrophysics Data System}
}

@ARTICLE{2021arXiv210201293H,
       author = {{Hernandez}, Danny and {Kaplan}, Jared and {Henighan}, Tom and {McCandlish}, Sam},
        title = "{Scaling Laws for Transfer}",
      journal = {arXiv e-prints},
     keywords = {Computer Science - Machine Learning},
         year = 2021,
        month = feb,
          eid = {arXiv:2102.01293},
        pages = {arXiv:2102.01293},
archivePrefix = {arXiv},
       eprint = {2102.01293},
 primaryClass = {cs.LG},
       adsurl = {https://ui.adsabs.harvard.edu/abs/2021arXiv210201293H},
      adsnote = {Provided by the SAO/NASA Astrophysics Data System}
}

@ARTICLE{2020arXiv200301200T,
       author = {{Torfi}, Amirsina and {Shirvani}, Rouzbeh A. and {Keneshloo}, Yaser and {Tavaf}, Nader and {Fox}, Edward A.},
        title = "{Natural Language Processing Advancements By Deep Learning: A Survey}",
      journal = {arXiv e-prints},
     keywords = {Computer Science - Computation and Language, Computer Science - Artificial Intelligence, Computer Science - Machine Learning},
         year = 2020,
        month = mar,
          eid = {arXiv:2003.01200},
        pages = {arXiv:2003.01200},
archivePrefix = {arXiv},
       eprint = {2003.01200},
 primaryClass = {cs.CL},
       adsurl = {https://ui.adsabs.harvard.edu/abs/2020arXiv200301200T},
      adsnote = {Provided by the SAO/NASA Astrophysics Data System}
}

@ARTICLE{2021arXiv210212092R,
       author = {{Ramesh}, Aditya and {Pavlov}, Mikhail and {Goh}, Gabriel and {Gray}, Scott and {Voss}, Chelsea and {Radford}, Alec and {Chen}, Mark and {Sutskever}, Ilya},
        title = "{Zero-Shot Text-to-Image Generation}",
      journal = {arXiv e-prints},
     keywords = {Computer Science - Computer Vision and Pattern Recognition, Computer Science - Machine Learning},
         year = 2021,
        month = feb,
          eid = {arXiv:2102.12092},
        pages = {arXiv:2102.12092},
archivePrefix = {arXiv},
       eprint = {2102.12092},
 primaryClass = {cs.CV},
       adsurl = {https://ui.adsabs.harvard.edu/abs/2021arXiv210212092R},
      adsnote = {Provided by the SAO/NASA Astrophysics Data System}
}

@article{alam2020survey,
  title={Survey on deep neural networks in speech and vision systems},
  author={Alam, Mahbubul and Samad, Manar D and Vidyaratne, Lasitha and Glandon, Alexander and Iftekharuddin, Khan M},
  journal={Neurocomputing},
  volume={417},
  pages={302--321},
  year={2020},
  publisher={Elsevier}
}

@ARTICLE{2021arXiv210302667A,
       author = {{Arjovsky}, Martin},
        title = "{Out of Distribution Generalization in Machine Learning}",
      journal = {arXiv e-prints},
     keywords = {Statistics - Machine Learning, Computer Science - Machine Learning},
         year = 2021,
        month = mar,
          eid = {arXiv:2103.02667},
        pages = {arXiv:2103.02667},
archivePrefix = {arXiv},
       eprint = {2103.02667},
 primaryClass = {stat.ML},
       adsurl = {https://ui.adsabs.harvard.edu/abs/2021arXiv210302667A},
      adsnote = {Provided by the SAO/NASA Astrophysics Data System}
}

@article{wolpert1997no,
  title={No free lunch theorems for optimization},
  author={Wolpert, David H and Macready, William G},
  journal={IEEE transactions on evolutionary computation},
  volume={1},
  number={1},
  pages={67--82},
  year={1997},
  publisher={IEEE}
}

@article{LeCun:1989:BAH:1351079.1351090,
 author = {LeCun, Y. and Boser, B. and Denker, J. S. and Henderson, D. and Howard, R. E. and Hubbard, W. and Jackel, L. D.},
 title = {Backpropagation Applied to Handwritten Zip Code Recognition},
 journal = {Neural Comput.},
 issue_date = {Winter 1989},
 volume = {1},
 number = {4},
 month = dec,
 year = {1989},
 issn = {0899-7667},
 pages = {541--551},
 numpages = {11},
 url = {http://dx.doi.org/10.1162/neco.1989.1.4.541},
 doi = {10.1162/neco.1989.1.4.541},
 acmid = {1351090},
 publisher = {MIT Press},
 address = {Cambridge, MA, USA},
} 

@ARTICLE{2014arXiv1409.1556S,
       author = {{Simonyan}, Karen and {Zisserman}, Andrew},
        title = "{Very Deep Convolutional Networks for Large-Scale Image Recognition}",
      journal = {arXiv e-prints},
     keywords = {Computer Science - Computer Vision and Pattern Recognition},
         year = 2014,
        month = sep,
          eid = {arXiv:1409.1556},
        pages = {arXiv:1409.1556},
archivePrefix = {arXiv},
       eprint = {1409.1556},
 primaryClass = {cs.CV},
       adsurl = {https://ui.adsabs.harvard.edu/abs/2014arXiv1409.1556S},
      adsnote = {Provided by the SAO/NASA Astrophysics Data System}
}

@ARTICLE{2015arXiv151203385H,
       author = {{He}, Kaiming and {Zhang}, Xiangyu and {Ren}, Shaoqing and {Sun}, Jian},
        title = "{Deep Residual Learning for Image Recognition}",
      journal = {arXiv e-prints},
     keywords = {Computer Science - Computer Vision and Pattern Recognition},
         year = 2015,
        month = dec,
          eid = {arXiv:1512.03385},
        pages = {arXiv:1512.03385},
archivePrefix = {arXiv},
       eprint = {1512.03385},
 primaryClass = {cs.CV},
       adsurl = {https://ui.adsabs.harvard.edu/abs/2015arXiv151203385H},
      adsnote = {Provided by the SAO/NASA Astrophysics Data System}
}

@ARTICLE{2016arXiv160806993H,
       author = {{Huang}, Gao and {Liu}, Zhuang and {van der Maaten}, Laurens and {Weinberger}, Kilian Q.},
        title = "{Densely Connected Convolutional Networks}",
      journal = {arXiv e-prints},
     keywords = {Computer Science - Computer Vision and Pattern Recognition, Computer Science - Machine Learning},
         year = 2016,
        month = aug,
          eid = {arXiv:1608.06993},
        pages = {arXiv:1608.06993},
archivePrefix = {arXiv},
       eprint = {1608.06993},
 primaryClass = {cs.CV},
       adsurl = {https://ui.adsabs.harvard.edu/abs/2016arXiv160806993H},
      adsnote = {Provided by the SAO/NASA Astrophysics Data System}
}

@ARTICLE{2019arXiv190511946T,
       author = {{Tan}, Mingxing and {Le}, Quoc V.},
        title = "{EfficientNet: Rethinking Model Scaling for Convolutional Neural Networks}",
      journal = {arXiv e-prints},
     keywords = {Computer Science - Machine Learning, Computer Science - Computer Vision and Pattern Recognition, Statistics - Machine Learning},
         year = 2019,
        month = may,
          eid = {arXiv:1905.11946},
        pages = {arXiv:1905.11946},
archivePrefix = {arXiv},
       eprint = {1905.11946},
 primaryClass = {cs.LG},
       adsurl = {https://ui.adsabs.harvard.edu/abs/2019arXiv190511946T},
      adsnote = {Provided by the SAO/NASA Astrophysics Data System}
}

@ARTICLE{2017arXiv170603762V,
       author = {{Vaswani}, Ashish and {Shazeer}, Noam and {Parmar}, Niki and {Uszkoreit}, Jakob and {Jones}, Llion and {Gomez}, Aidan N. and {Kaiser}, Lukasz and {Polosukhin}, Illia},
        title = "{Attention Is All You Need}",
      journal = {arXiv e-prints},
     keywords = {Computer Science - Computation and Language, Computer Science - Machine Learning},
         year = 2017,
        month = jun,
          eid = {arXiv:1706.03762},
        pages = {arXiv:1706.03762},
archivePrefix = {arXiv},
       eprint = {1706.03762},
 primaryClass = {cs.CL},
       adsurl = {https://ui.adsabs.harvard.edu/abs/2017arXiv170603762V},
      adsnote = {Provided by the SAO/NASA Astrophysics Data System}
}

@ARTICLE{2014arXiv1406.2661G,
       author = {{Goodfellow}, Ian J. and {Pouget-Abadie}, Jean and {Mirza}, Mehdi and {Xu}, Bing and {Warde-Farley}, David and {Ozair}, Sherjil and {Courville}, Aaron and {Bengio}, Yoshua},
        title = "{Generative Adversarial Networks}",
      journal = {arXiv e-prints},
     keywords = {Statistics - Machine Learning, Computer Science - Machine Learning},
         year = 2014,
        month = jun,
          eid = {arXiv:1406.2661},
        pages = {arXiv:1406.2661},
archivePrefix = {arXiv},
       eprint = {1406.2661},
 primaryClass = {stat.ML},
       adsurl = {https://ui.adsabs.harvard.edu/abs/2014arXiv1406.2661G},
      adsnote = {Provided by the SAO/NASA Astrophysics Data System}
}

@ARTICLE{2013arXiv1312.6114K,
       author = {{Kingma}, Diederik P and {Welling}, Max},
        title = "{Auto-Encoding Variational Bayes}",
      journal = {arXiv e-prints},
     keywords = {Statistics - Machine Learning, Computer Science - Machine Learning},
         year = 2013,
        month = dec,
          eid = {arXiv:1312.6114},
        pages = {arXiv:1312.6114},
archivePrefix = {arXiv},
       eprint = {1312.6114},
 primaryClass = {stat.ML},
       adsurl = {https://ui.adsabs.harvard.edu/abs/2013arXiv1312.6114K},
      adsnote = {Provided by the SAO/NASA Astrophysics Data System}
}

@ARTICLE{2019arXiv190303096T,
       author = {{Triantafillou}, Eleni and {Zhu}, Tyler and {Dumoulin}, Vincent and {Lamblin}, Pascal and {Evci}, Utku and {Xu}, Kelvin and {Goroshin}, Ross and {Gelada}, Carles and {Swersky}, Kevin and {Manzagol}, Pierre-Antoine and {Larochelle}, Hugo},
        title = "{Meta-Dataset: A Dataset of Datasets for Learning to Learn from Few Examples}",
      journal = {arXiv e-prints},
     keywords = {Computer Science - Machine Learning, Statistics - Machine Learning},
         year = 2019,
        month = mar,
          eid = {arXiv:1903.03096},
        pages = {arXiv:1903.03096},
archivePrefix = {arXiv},
       eprint = {1903.03096},
 primaryClass = {cs.LG},
       adsurl = {https://ui.adsabs.harvard.edu/abs/2019arXiv190303096T},
      adsnote = {Provided by the SAO/NASA Astrophysics Data System}
}

@ARTICLE{2017arXiv170305175S,
       author = {{Snell}, Jake and {Swersky}, Kevin and {Zemel}, Richard S.},
        title = "{Prototypical Networks for Few-shot Learning}",
      journal = {arXiv e-prints},
     keywords = {Computer Science - Machine Learning, Statistics - Machine Learning},
         year = 2017,
        month = mar,
          eid = {arXiv:1703.05175},
        pages = {arXiv:1703.05175},
archivePrefix = {arXiv},
       eprint = {1703.05175},
 primaryClass = {cs.LG},
       adsurl = {https://ui.adsabs.harvard.edu/abs/2017arXiv170305175S},
      adsnote = {Provided by the SAO/NASA Astrophysics Data System}
}

@ARTICLE{2019arXiv190306864C,
       author = {{Carlucci}, Fabio Maria and {D'Innocente}, Antonio and {Bucci}, Silvia and {Caputo}, Barbara and {Tommasi}, Tatiana},
        title = "{Domain Generalization by Solving Jigsaw Puzzles}",
      journal = {arXiv e-prints},
     keywords = {Computer Science - Computer Vision and Pattern Recognition, Computer Science - Machine Learning},
         year = 2019,
        month = mar,
          eid = {arXiv:1903.06864},
        pages = {arXiv:1903.06864},
archivePrefix = {arXiv},
       eprint = {1903.06864},
 primaryClass = {cs.CV},
       adsurl = {https://ui.adsabs.harvard.edu/abs/2019arXiv190306864C},
      adsnote = {Provided by the SAO/NASA Astrophysics Data System}
}

@ARTICLE{2019arXiv190702893A,
       author = {{Arjovsky}, Martin and {Bottou}, L{\'e}on and {Gulrajani}, Ishaan and {Lopez-Paz}, David},
        title = "{Invariant Risk Minimization}",
      journal = {arXiv e-prints},
     keywords = {Statistics - Machine Learning, Computer Science - Artificial Intelligence, Computer Science - Machine Learning},
         year = 2019,
        month = jul,
          eid = {arXiv:1907.02893},
        pages = {arXiv:1907.02893},
archivePrefix = {arXiv},
       eprint = {1907.02893},
 primaryClass = {stat.ML},
       adsurl = {https://ui.adsabs.harvard.edu/abs/2019arXiv190702893A},
      adsnote = {Provided by the SAO/NASA Astrophysics Data System}
}

@ARTICLE{2020arXiv200701434G,
       author = {{Gulrajani}, Ishaan and {Lopez-Paz}, David},
        title = "{In Search of Lost Domain Generalization}",
      journal = {arXiv e-prints},
     keywords = {Computer Science - Machine Learning, Statistics - Machine Learning},
         year = 2020,
        month = jul,
          eid = {arXiv:2007.01434},
        pages = {arXiv:2007.01434},
archivePrefix = {arXiv},
       eprint = {2007.01434},
 primaryClass = {cs.LG},
       adsurl = {https://ui.adsabs.harvard.edu/abs/2020arXiv200701434G},
      adsnote = {Provided by the SAO/NASA Astrophysics Data System}
}

@inproceedings{cortes1994learning,
  title={Learning curves: Asymptotic values and rate of convergence},
  author={Cortes, Corinna and Jackel, Lawrence D and Solla, Sara A and Vapnik, Vladimir and Denker, John S},
  booktitle={Advances in Neural Information Processing Systems},
  pages={327--334},
  year={1994}
}

@ARTICLE{2017arXiv171200409H,
       author = {{Hestness}, Joel and {Narang}, Sharan and {Ardalani}, Newsha and {Diamos}, Gregory and {Jun}, Heewoo and {Kianinejad}, Hassan and {Patwary}, Md. Mostofa Ali and {Yang}, Yang and {Zhou}, Yanqi},
        title = "{Deep Learning Scaling is Predictable, Empirically}",
      journal = {arXiv e-prints},
     keywords = {Computer Science - Machine Learning, Statistics - Machine Learning},
         year = 2017,
        month = dec,
          eid = {arXiv:1712.00409},
        pages = {arXiv:1712.00409},
archivePrefix = {arXiv},
       eprint = {1712.00409},
 primaryClass = {cs.LG},
       adsurl = {https://ui.adsabs.harvard.edu/abs/2017arXiv171200409H},
      adsnote = {Provided by the SAO/NASA Astrophysics Data System}
}

﻿@Article{Dhar2020,
author={Dhar, Payal},
title={The carbon impact of artificial intelligence},
journal={Nature Machine Intelligence},
year={2020},
month={Aug},
day={01},
volume={2},
number={8},
pages={423-425},
abstract={The part that artificial intelligence plays in climate change has come under scrutiny, including from tech workers themselves who joined the global climate strike last year. Much can be done by developing tools to quantify the carbon cost of machine learning models and by switching to a sustainable artificial intelligence infrastructure.},
issn={2522-5839},
doi={10.1038/s42256-020-0219-9},
url={https://doi.org/10.1038/s42256-020-0219-9}
}

@article{DBLP:journals/corr/abs-1909-12673,
  author    = {Jonathan S. Rosenfeld and
               Amir Rosenfeld and
               Yonatan Belinkov and
               Nir Shavit},
  title     = {A Constructive Prediction of the Generalization Error Across Scales},
  journal   = {CoRR},
  volume    = {abs/1909.12673},
  year      = {2019},
  url       = {http://arxiv.org/abs/1909.12673},
  eprinttype = {arXiv},
  eprint    = {1909.12673},
  timestamp = {Wed, 02 Oct 2019 13:04:08 +0200},
  biburl    = {https://dblp.org/rec/journals/corr/abs-1909-12673.bib},
  bibsource = {dblp computer science bibliography, https://dblp.org}
}

@article{DBLP:journals/corr/abs-2106-04560,
  author    = {Xiaohua Zhai and
               Alexander Kolesnikov and
               Neil Houlsby and
               Lucas Beyer},
  title     = {Scaling Vision Transformers},
  journal   = {CoRR},
  volume    = {abs/2106.04560},
  year      = {2021},
  url       = {https://arxiv.org/abs/2106.04560},
  eprinttype = {arXiv},
  eprint    = {2106.04560},
  timestamp = {Fri, 11 Jun 2021 11:04:16 +0200},
  biburl    = {https://dblp.org/rec/journals/corr/abs-2106-04560.bib},
  bibsource = {dblp computer science bibliography, https://dblp.org}
}

@misc{abnar2021exploring,
      title={Exploring the Limits of Large Scale Pre-training}, 
      author={Samira Abnar and Mostafa Dehghani and Behnam Neyshabur and Hanie Sedghi},
      year={2021},
      eprint={2110.02095},
      archivePrefix={arXiv},
      primaryClass={cs.LG}
}

@misc{https://doi.org/10.48550/arxiv.2206.04615,
  doi = {10.48550/ARXIV.2206.04615},
  
  url = {https://arxiv.org/abs/2206.04615},
  
  author = {Srivastava, Aarohi and Rastogi, Abhinav and Rao, Abhishek and Shoeb, Abu Awal Md and Abid, Abubakar and Fisch, Adam and Brown, Adam R. and Santoro, Adam and Gupta, Aditya and Garriga-Alonso, Adrià and Kluska, Agnieszka and Lewkowycz, Aitor and Agarwal, Akshat and Power, Alethea and Ray, Alex and Warstadt, Alex and Kocurek, Alexander W. and Safaya, Ali and Tazarv, Ali and Xiang, Alice and Parrish, Alicia and Nie, Allen and Hussain, Aman and Askell, Amanda and Dsouza, Amanda and Slone, Ambrose and Rahane, Ameet and Iyer, Anantharaman S. and Andreassen, Anders and Madotto, Andrea and Santilli, Andrea and Stuhlmüller, Andreas and Dai, Andrew and La, Andrew and Lampinen, Andrew and Zou, Andy and Jiang, Angela and Chen, Angelica and Vuong, Anh and Gupta, Animesh and Gottardi, Anna and Norelli, Antonio and Venkatesh, Anu and Gholamidavoodi, Arash and Tabassum, Arfa and Menezes, Arul and Kirubarajan, Arun and Mullokandov, Asher and Sabharwal, Ashish and Herrick, Austin and Efrat, Avia and Erdem, Aykut and Karakaş, Ayla and Roberts, B. Ryan and Loe, Bao Sheng and Zoph, Barret and Bojanowski, Bartłomiej and Özyurt, Batuhan and Hedayatnia, Behnam and Neyshabur, Behnam and Inden, Benjamin and Stein, Benno and Ekmekci, Berk and Lin, Bill Yuchen and Howald, Blake and Diao, Cameron and Dour, Cameron and Stinson, Catherine and Argueta, Cedrick and Ramírez, César Ferri and Singh, Chandan and Rathkopf, Charles and Meng, Chenlin and Baral, Chitta and Wu, Chiyu and Callison-Burch, Chris and Waites, Chris and Voigt, Christian and Manning, Christopher D. and Potts, Christopher and Ramirez, Cindy and Rivera, Clara E. and Siro, Clemencia and Raffel, Colin and Ashcraft, Courtney and Garbacea, Cristina and Sileo, Damien and Garrette, Dan and Hendrycks, Dan and Kilman, Dan and Roth, Dan and Freeman, Daniel and Khashabi, Daniel and Levy, Daniel and González, Daniel Moseguí and Perszyk, Danielle and Hernandez, Danny and Chen, Danqi and Ippolito, Daphne and Gilboa, Dar and Dohan, David and Drakard, David and Jurgens, David and Datta, Debajyoti and Ganguli, Deep and Emelin, Denis and Kleyko, Denis and Yuret, Deniz and Chen, Derek and Tam, Derek and Hupkes, Dieuwke and Misra, Diganta and Buzan, Dilyar and Mollo, Dimitri Coelho and Yang, Diyi and Lee, Dong-Ho and Shutova, Ekaterina and Cubuk, Ekin Dogus and Segal, Elad and Hagerman, Eleanor and Barnes, Elizabeth and Donoway, Elizabeth and Pavlick, Ellie and Rodola, Emanuele and Lam, Emma and Chu, Eric and Tang, Eric and Erdem, Erkut and Chang, Ernie and Chi, Ethan A. and Dyer, Ethan and Jerzak, Ethan and Kim, Ethan and Manyasi, Eunice Engefu and Zheltonozhskii, Evgenii and Xia, Fanyue and Siar, Fatemeh and Martínez-Plumed, Fernando and Happé, Francesca and Chollet, Francois and Rong, Frieda and Mishra, Gaurav and Winata, Genta Indra and de Melo, Gerard and Kruszewski, Germán and Parascandolo, Giambattista and Mariani, Giorgio and Wang, Gloria and Jaimovitch-López, Gonzalo and Betz, Gregor and Gur-Ari, Guy and Galijasevic, Hana and Kim, Hannah and Rashkin, Hannah and Hajishirzi, Hannaneh and Mehta, Harsh and Bogar, Hayden and Shevlin, Henry and Schütze, Hinrich and Yakura, Hiromu and Zhang, Hongming and Wong, Hugh Mee and Ng, Ian and Noble, Isaac and Jumelet, Jaap and Geissinger, Jack and Kernion, Jackson and Hilton, Jacob and Lee, Jaehoon and Fisac, Jaime Fernández and Simon, James B. and Koppel, James and Zheng, James and Zou, James and Kocoń, Jan and Thompson, Jana and Kaplan, Jared and Radom, Jarema and Sohl-Dickstein, Jascha and Phang, Jason and Wei, Jason and Yosinski, Jason and Novikova, Jekaterina and Bosscher, Jelle and Marsh, Jennifer and Kim, Jeremy and Taal, Jeroen and Engel, Jesse and Alabi, Jesujoba and Xu, Jiacheng and Song, Jiaming and Tang, Jillian and Waweru, Joan and Burden, John and Miller, John and Balis, John U. and Berant, Jonathan and Frohberg, Jörg and Rozen, Jos and Hernandez-Orallo, Jose and Boudeman, Joseph and Jones, Joseph and Tenenbaum, Joshua B. and Rule, Joshua S. and Chua, Joyce and Kanclerz, Kamil and Livescu, Karen and Krauth, Karl and Gopalakrishnan, Karthik and Ignatyeva, Katerina and Markert, Katja and Dhole, Kaustubh D. and Gimpel, Kevin and Omondi, Kevin and Mathewson, Kory and Chiafullo, Kristen and Shkaruta, Ksenia and Shridhar, Kumar and McDonell, Kyle and Richardson, Kyle and Reynolds, Laria and Gao, Leo and Zhang, Li and Dugan, Liam and Qin, Lianhui and Contreras-Ochando, Lidia and Morency, Louis-Philippe and Moschella, Luca and Lam, Lucas and Noble, Lucy and Schmidt, Ludwig and He, Luheng and Colón, Luis Oliveros and Metz, Luke and Şenel, Lütfi Kerem and Bosma, Maarten and Sap, Maarten and ter Hoeve, Maartje and Farooqi, Maheen and Faruqui, Manaal and Mazeika, Mantas and Baturan, Marco and Marelli, Marco and Maru, Marco and Quintana, Maria Jose Ramírez and Tolkiehn, Marie and Giulianelli, Mario and Lewis, Martha and Potthast, Martin and Leavitt, Matthew L. and Hagen, Matthias and Schubert, Mátyás and Baitemirova, Medina Orduna and Arnaud, Melody and McElrath, Melvin and Yee, Michael A. and Cohen, Michael and Gu, Michael and Ivanitskiy, Michael and Starritt, Michael and Strube, Michael and Swędrowski, Michał and Bevilacqua, Michele and Yasunaga, Michihiro and Kale, Mihir and Cain, Mike and Xu, Mimee and Suzgun, Mirac and Tiwari, Mo and Bansal, Mohit and Aminnaseri, Moin and Geva, Mor and Gheini, Mozhdeh and T, Mukund Varma and Peng, Nanyun and Chi, Nathan and Lee, Nayeon and Krakover, Neta Gur-Ari and Cameron, Nicholas and Roberts, Nicholas and Doiron, Nick and Nangia, Nikita and Deckers, Niklas and Muennighoff, Niklas and Keskar, Nitish Shirish and Iyer, Niveditha S. and Constant, Noah and Fiedel, Noah and Wen, Nuan and Zhang, Oliver and Agha, Omar and Elbaghdadi, Omar and Levy, Omer and Evans, Owain and Casares, Pablo Antonio Moreno and Doshi, Parth and Fung, Pascale and Liang, Paul Pu and Vicol, Paul and Alipoormolabashi, Pegah and Liao, Peiyuan and Liang, Percy and Chang, Peter and Eckersley, Peter and Htut, Phu Mon and Hwang, Pinyu and Miłkowski, Piotr and Patil, Piyush and Pezeshkpour, Pouya and Oli, Priti and Mei, Qiaozhu and Lyu, Qing and Chen, Qinlang and Banjade, Rabin and Rudolph, Rachel Etta and Gabriel, Raefer and Habacker, Rahel and Delgado, Ramón Risco and Millière, Raphaël and Garg, Rhythm and Barnes, Richard and Saurous, Rif A. and Arakawa, Riku and Raymaekers, Robbe and Frank, Robert and Sikand, Rohan and Novak, Roman and Sitelew, Roman and LeBras, Ronan and Liu, Rosanne and Jacobs, Rowan and Zhang, Rui and Salakhutdinov, Ruslan and Chi, Ryan and Lee, Ryan and Stovall, Ryan and Teehan, Ryan and Yang, Rylan and Singh, Sahib and Mohammad, Saif M. and Anand, Sajant and Dillavou, Sam and Shleifer, Sam and Wiseman, Sam and Gruetter, Samuel and Bowman, Samuel R. and Schoenholz, Samuel S. and Han, Sanghyun and Kwatra, Sanjeev and Rous, Sarah A. and Ghazarian, Sarik and Ghosh, Sayan and Casey, Sean and Bischoff, Sebastian and Gehrmann, Sebastian and Schuster, Sebastian and Sadeghi, Sepideh and Hamdan, Shadi and Zhou, Sharon and Srivastava, Shashank and Shi, Sherry and Singh, Shikhar and Asaadi, Shima and Gu, Shixiang Shane and Pachchigar, Shubh and Toshniwal, Shubham and Upadhyay, Shyam and Shyamolima,  and {Debnath} and Shakeri, Siamak and Thormeyer, Simon and Melzi, Simone and Reddy, Siva and Makini, Sneha Priscilla and Lee, Soo-Hwan and Torene, Spencer and Hatwar, Sriharsha and Dehaene, Stanislas and Divic, Stefan and Ermon, Stefano and Biderman, Stella and Lin, Stephanie and Prasad, Stephen and Piantadosi, Steven T. and Shieber, Stuart M. and Misherghi, Summer and Kiritchenko, Svetlana and Mishra, Swaroop and Linzen, Tal and Schuster, Tal and Li, Tao and Yu, Tao and Ali, Tariq and Hashimoto, Tatsu and Wu, Te-Lin and Desbordes, Théo and Rothschild, Theodore and Phan, Thomas and Wang, Tianle and Nkinyili, Tiberius and Schick, Timo and Kornev, Timofei and Telleen-Lawton, Timothy and Tunduny, Titus and Gerstenberg, Tobias and Chang, Trenton and Neeraj, Trishala and Khot, Tushar and Shultz, Tyler and Shaham, Uri and Misra, Vedant and Demberg, Vera and Nyamai, Victoria and Raunak, Vikas and Ramasesh, Vinay and Prabhu, Vinay Uday and Padmakumar, Vishakh and Srikumar, Vivek and Fedus, William and Saunders, William and Zhang, William and Vossen, Wout and Ren, Xiang and Tong, Xiaoyu and Zhao, Xinran and Wu, Xinyi and Shen, Xudong and Yaghoobzadeh, Yadollah and Lakretz, Yair and Song, Yangqiu and Bahri, Yasaman and Choi, Yejin and Yang, Yichi and Hao, Yiding and Chen, Yifu and Belinkov, Yonatan and Hou, Yu and Hou, Yufang and Bai, Yuntao and Seid, Zachary and Zhao, Zhuoye and Wang, Zijian and Wang, Zijie J. and Wang, Zirui and Wu, Ziyi},
  
  keywords = {Computation and Language (cs.CL), Artificial Intelligence (cs.AI), Computers and Society (cs.CY), Machine Learning (cs.LG), Machine Learning (stat.ML), FOS: Computer and information sciences, FOS: Computer and information sciences},
  
  title = {Beyond the Imitation Game: Quantifying and extrapolating the capabilities of language models},
  
  publisher = {arXiv},
  
  year = {2022},
  
  copyright = {arXiv.org perpetual, non-exclusive license}
}

@misc{https://doi.org/10.48550/arxiv.2104.03113,
  doi = {10.48550/ARXIV.2104.03113},
  
  url = {https://arxiv.org/abs/2104.03113},
  
  author = {Jones, Andy L.},
  
  keywords = {Machine Learning (cs.LG), Multiagent Systems (cs.MA), FOS: Computer and information sciences, FOS: Computer and information sciences},
  
  title = {Scaling Scaling Laws with Board Games},
  
  publisher = {arXiv},
  
  year = {2021},
  
  copyright = {Creative Commons Attribution 4.0 International}
}

@article{schrittwieser2021online,
  title={Online and offline reinforcement learning by planning with a learned model},
  author={Schrittwieser, Julian and Hubert, Thomas and Mandhane, Amol and Barekatain, Mohammadamin and Antonoglou, Ioannis and Silver, David},
  journal={Advances in Neural Information Processing Systems},
  volume={34},
  pages={27580--27591},
  year={2021}
}

@article{dampe2017direct,
	doi = {10.1038/nature24475},
  
	url = {https://doi.org/10.1038%2Fnature24475},
  
	year = 2017,
	month = {nov},
  
	publisher = {Springer Science and Business Media {LLC}
},
  
	volume = {552},
  
	number = {7683},
  
	pages = {63--66},
  
	title = {Direct detection of a break in the teraelectronvolt cosmic-ray spectrum of electrons and positrons},
  
	journal = {Nature}
}

@inproceedings{Alabdulmohsi2022revisiting,
title	= {Revisiting Neural Scaling Laws in Language and Vision},
author	= {Ibrahim Mansour I Alabdulmohsin and Behnam Neyshabur and Xiaohua Zhai},
year	= {2022},
URL	= {https://arxiv.org/abs/2209.06640},
booktitle	= {NeurIPS 2022}
}

@inproceedings{deng2009imagenet,
  title={Imagenet: A large-scale hierarchical image database},
  author={Deng, Jia and Dong, Wei and Socher, Richard and Li, Li-Jia and Li, Kai and Fei-Fei, Li},
  booktitle={2009 IEEE conference on computer vision and pattern recognition},
  pages={248--255},
  year={2009},
  organization={Ieee}
}

@article{welinder2010caltech,
  title={Caltech-UCSD birds 200},
  author={Welinder, Peter and Branson, Steve and Mita, Takeshi and Wah, Catherine and Schroff, Florian and Belongie, Serge and Perona, Pietro},
  year={2010},
  publisher={California Institute of Technology}
}

@article{krizhevsky2009learning,
  title={Learning multiple layers of features from tiny images},
  author={Krizhevsky, Alex and Hinton, Geoffrey and others},
  year={2009},
  publisher={Citeseer}
}

@inproceedings{fei2004learning,
  title={Learning generative visual models from few training examples: An incremental bayesian approach tested on 101 object categories},
  author={Fei-Fei, Li and Fergus, Rob and Perona, Pietro},
  booktitle={2004 conference on computer vision and pattern recognition workshop},
  pages={178--178},
  year={2004},
  organization={IEEE}
}

@inproceedings{sun2017revisiting,
  title={Revisiting unreasonable effectiveness of data in deep learning era},
  author={Sun, Chen and Shrivastava, Abhinav and Singh, Saurabh and Gupta, Abhinav},
  booktitle={Proceedings of the IEEE international conference on computer vision},
  pages={843--852},
  year={2017}
}

@inproceedings{kolesnikov2020big,
  title={Big transfer (bit): General visual representation learning},
  author={Kolesnikov, Alexander and Beyer, Lucas and Zhai, Xiaohua and Puigcerver, Joan and Yung, Jessica and Gelly, Sylvain and Houlsby, Neil},
  booktitle={European conference on computer vision},
  pages={491--507},
  year={2020},
  organization={Springer}
}

@article{dosovitskiy2020image,
  title={An image is worth 16x16 words: Transformers for image recognition at scale},
  author={Dosovitskiy, Alexey and Beyer, Lucas and Kolesnikov, Alexander and Weissenborn, Dirk and Zhai, Xiaohua and Unterthiner, Thomas and Dehghani, Mostafa and Minderer, Matthias and Heigold, Georg and Gelly, Sylvain and others},
  journal={arXiv preprint arXiv:2010.11929},
  year={2020}
}

@article{tolstikhin2021mlp,
  title={Mlp-mixer: An all-mlp architecture for vision},
  author={Tolstikhin, Ilya O and Houlsby, Neil and Kolesnikov, Alexander and Beyer, Lucas and Zhai, Xiaohua and Unterthiner, Thomas and Yung, Jessica and Steiner, Andreas and Keysers, Daniel and Uszkoreit, Jakob and others},
  journal={Advances in Neural Information Processing Systems},
  volume={34},
  pages={24261--24272},
  year={2021}
}

@inproceedings{ganguli2022predictability,
  title={Predictability and surprise in large generative models},
  author={Ganguli, Deep and Hernandez, Danny and Lovitt, Liane and Askell, Amanda and Bai, Yuntao and Chen, Anna and Conerly, Tom and Dassarma, Nova and Drain, Dawn and Elhage, Nelson and others},
  booktitle={2022 ACM Conference on Fairness, Accountability, and Transparency},
  pages={1747--1764},
  year={2022}
}

@article{wei2022emergent,
  title={Emergent abilities of large language models},
  author={Wei, Jason and Tay, Yi and Bommasani, Rishi and Raffel, Colin and Zoph, Barret and Borgeaud, Sebastian and Yogatama, Dani and Bosma, Maarten and Zhou, Denny and Metzler, Donald and others},
  journal={arXiv preprint arXiv:2206.07682},
  year={2022}
}

@article{nakkiran2021deep,
  title={Deep double descent: Where bigger models and more data hurt},
  author={Nakkiran, Preetum and Kaplun, Gal and Bansal, Yamini and Yang, Tristan and Barak, Boaz and Sutskever, Ilya},
  journal={Journal of Statistical Mechanics: Theory and Experiment},
  volume={2021},
  number={12},
  pages={124003},
  year={2021},
  publisher={IOP Publishing}
}

@article{vaswani2017attention,
  title={Attention is all you need},
  author={Vaswani, Ashish and Shazeer, Noam and Parmar, Niki and Uszkoreit, Jakob and Jones, Llion and Gomez, Aidan N and Kaiser, {\L}ukasz and Polosukhin, Illia},
  journal={Advances in neural information processing systems},
  volume={30},
  year={2017}
}
@misc{Karpathy2020,
  author = {Karpathy, Andrej},
  title = {minGPT},
  year = {2020},
  publisher = {GitHub},
  journal = {GitHub repository},
  howpublished = {\url{https://github.com/karpathy/minGPT}},
}

@inproceedings{cobbe2020leveraging,
  title={Leveraging procedural generation to benchmark reinforcement learning},
  author={Cobbe, Karl and Hesse, Chris and Hilton, Jacob and Schulman, John},
  booktitle={International conference on machine learning},
  pages={2048--2056},
  year={2020},
  organization={PMLR}
}

@article{schulman2017proximal,
  title={Proximal policy optimization algorithms},
  author={Schulman, John and Wolski, Filip and Dhariwal, Prafulla and Radford, Alec and Klimov, Oleg},
  journal={arXiv preprint arXiv:1707.06347},
  year={2017}
}

@article{hendrycks2022x,
  title={X-Risk Analysis for AI Research},
  author={Hendrycks, Dan and Mazeika, Mantas},
  journal={arXiv preprint arXiv:2206.05862},
  year={2022}
}

@article{hoffmann2022training,
  title={Training Compute-Optimal Large Language Models},
  author={Hoffmann, Jordan and Borgeaud, Sebastian and Mensch, Arthur and Buchatskaya, Elena and Cai, Trevor and Rutherford, Eliza and Casas, Diego de Las and Hendricks, Lisa Anne and Welbl, Johannes and Clark, Aidan and others},
  journal={arXiv preprint arXiv:2203.15556},
  year={2022}
}

@article{neumann2022scaling,
  title={Scaling Laws for a Multi-Agent Reinforcement Learning Model},
  author={Neumann, Oren and Gros, Claudius},
  journal={arXiv preprint arXiv:2210.00849},
  year={2022}
}

@Article{Hunter:2007,
  Author    = {Hunter, J. D.},
  Title     = {Matplotlib: A 2D graphics environment},
  Journal   = {Computing in Science \& Engineering},
  Volume    = {9},
  Number    = {3},
  Pages     = {90--95},
  abstract  = {Matplotlib is a 2D graphics package used for Python for
  application development, interactive scripting, and publication-quality
  image generation across user interfaces and operating systems.},
  publisher = {IEEE COMPUTER SOC},
  doi       = {10.1109/MCSE.2007.55},
  year      = 2007
}

@inproceedings{nichol2021improved,
  title={Improved denoising diffusion probabilistic models},
  author={Nichol, Alexander Quinn and Dhariwal, Prafulla},
  booktitle={International Conference on Machine Learning},
  pages={8162--8171},
  year={2021},
  organization={PMLR}
}