% GPT-4
@article{DBLP:journals/corr/abs-2303-08774,
  author       = {OpenAI},
  title        = {{GPT-4} Technical Report},
  journal      = {CoRR},
  volume       = {abs/2303.08774},
  year         = {2023},
  url          = {https://doi.org/10.48550/arXiv.2303.08774},
  doi          = {10.48550/ARXIV.2303.08774},
  eprinttype    = {arXiv},
  eprint       = {2303.08774},
  timestamp    = {Mon, 28 Aug 2023 21:26:19 +0200},
  biburl       = {https://dblp.org/rec/journals/corr/abs-2303-08774.bib},
  bibsource    = {dblp computer science bibliography, https://dblp.org}
}


% PyTorch
@inproceedings{DBLP:conf/nips/PaszkeGMLBCKLGA19,
  author       = {Adam Paszke and
                  Sam Gross and
                  Francisco Massa and
                  Adam Lerer and
                  James Bradbury and
                  Gregory Chanan and
                  Trevor Killeen and
                  Zeming Lin and
                  Natalia Gimelshein and
                  Luca Antiga and
                  Alban Desmaison and
                  Andreas K{\"{o}}pf and
                  Edward Z. Yang and
                  Zachary DeVito and
                  Martin Raison and
                  Alykhan Tejani and
                  Sasank Chilamkurthy and
                  Benoit Steiner and
                  Lu Fang and
                  Junjie Bai and
                  Soumith Chintala},
  editor       = {Hanna M. Wallach and
                  Hugo Larochelle and
                  Alina Beygelzimer and
                  Florence d'Alch{\'{e}}{-}Buc and
                  Emily B. Fox and
                  Roman Garnett},
  title        = {PyTorch: An Imperative Style, High-Performance Deep Learning Library},
  booktitle    = {Advances in Neural Information Processing Systems 32: Annual Conference
                  on Neural Information Processing Systems 2019, NeurIPS 2019, December
                  8-14, 2019, Vancouver, BC, Canada},
  pages        = {8024--8035},
  year         = {2019},
  url          = {https://proceedings.neurips.cc/paper/2019/hash/bdbca288fee7f92f2bfa9f7012727740-Abstract.html},
  timestamp    = {Mon, 16 May 2022 15:41:51 +0200},
  biburl       = {https://dblp.org/rec/conf/nips/PaszkeGMLBCKLGA19.bib},
  bibsource    = {dblp computer science bibliography, https://dblp.org}
}


%A100 paper
@article{DBLP:journals/micro/ChoquetteGGSK21,
  author       = {Jack Choquette and
                  Wishwesh Gandhi and
                  Olivier Giroux and
                  Nick Stam and
                  Ronny Krashinsky},
  title        = {{NVIDIA} {A100} Tensor Core {GPU:} Performance and Innovation},
  journal      = {{IEEE} Micro},
  volume       = {41},
  number       = {2},
  pages        = {29--35},
  year         = {2021},
  url          = {https://doi.org/10.1109/MM.2021.3061394},
  doi          = {10.1109/MM.2021.3061394},
  timestamp    = {Thu, 29 Apr 2021 15:11:30 +0200},
  biburl       = {https://dblp.org/rec/journals/micro/ChoquetteGGSK21.bib},
  bibsource    = {dblp computer science bibliography, https://dblp.org}
}

@inproceedings{DBLP:conf/mlsys/IvanovDB0H21,
  author       = {Andrei Ivanov and
                  Nikoli Dryden and
                  Tal Ben{-}Nun and
                  Shigang Li and
                  Torsten Hoefler},
  editor       = {Alex Smola and
                  Alex Dimakis and
                  Ion Stoica},
  title        = {Data Movement Is All You Need: {A} Case Study on Optimizing Transformers},
  booktitle    = {Proceedings of Machine Learning and Systems 2021, MLSys 2021, virtual,
                  April 5-9, 2021},
  publisher    = {mlsys.org},
  year         = {2021},
  url          = {https://proceedings.mlsys.org/paper/2021/hash/c9e1074f5b3f9fc8ea15d152add07294-Abstract.html},
  timestamp    = {Mon, 23 May 2022 11:56:42 +0200},
  biburl       = {https://dblp.org/rec/conf/mlsys/IvanovDB0H21.bib},
  bibsource    = {dblp computer science bibliography, https://dblp.org}
}

@inproceedings{langley00,
 author    = {P. Langley},
 title     = {Crafting Papers on Machine Learning},
 year      = {2000},
 pages     = {1207--1216},
 editor    = {Pat Langley},
 booktitle     = {Proceedings of the 17th International Conference
              on Machine Learning (ICML 2000)},
 address   = {Stanford, CA},
 publisher = {Morgan Kaufmann}
}

@inproceedings{DBLP:conf/nips/GrillSATRBDPGAP20,
  author       = {Jean{-}Bastien Grill and
                  Florian Strub and
                  Florent Altch{\'{e}} and
                  Corentin Tallec and
                  Pierre H. Richemond and
                  Elena Buchatskaya and
                  Carl Doersch and
                  Bernardo {\'{A}}vila Pires and
                  Zhaohan Guo and
                  Mohammad Gheshlaghi Azar and
                  Bilal Piot and
                  Koray Kavukcuoglu and
                  R{\'{e}}mi Munos and
                  Michal Valko},
  editor       = {Hugo Larochelle and
                  Marc'Aurelio Ranzato and
                  Raia Hadsell and
                  Maria{-}Florina Balcan and
                  Hsuan{-}Tien Lin},
  title        = {Bootstrap Your Own Latent - {A} New Approach to Self-Supervised Learning},
  booktitle    = {Advances in Neural Information Processing Systems 33: Annual Conference
                  on Neural Information Processing Systems 2020, NeurIPS 2020, December
                  6-12, 2020, virtual},
  year         = {2020},
  url          = {https://proceedings.neurips.cc/paper/2020/hash/f3ada80d5c4ee70142b17b8192b2958e-Abstract.html},
  timestamp    = {Tue, 19 Jan 2021 15:57:04 +0100},
  biburl       = {https://dblp.org/rec/conf/nips/GrillSATRBDPGAP20.bib},
  bibsource    = {dblp computer science bibliography, https://dblp.org}
}

@inproceedings{DBLP:conf/cvpr/DengDSLL009,
  author       = {Jia Deng and
                  Wei Dong and
                  Richard Socher and
                  Li{-}Jia Li and
                  Kai Li and
                  Li Fei{-}Fei},
  title        = {ImageNet: {A} large-scale hierarchical image database},
  booktitle    = {2009 {IEEE} Computer Society Conference on Computer Vision and Pattern
                  Recognition {(CVPR} 2009), 20-25 June 2009, Miami, Florida, {USA}},
  pages        = {248--255},
  publisher    = {{IEEE} Computer Society},
  year         = {2009},
  url          = {https://doi.org/10.1109/CVPR.2009.5206848},
  doi          = {10.1109/CVPR.2009.5206848},
  timestamp    = {Fri, 24 Mar 2023 00:02:52 +0100},
  biburl       = {https://dblp.org/rec/conf/cvpr/DengDSLL009.bib},
  bibsource    = {dblp computer science bibliography, https://dblp.org}
}

% Flash 1.0
@inproceedings{DBLP:conf/nips/DaoFERR22,
  author       = {Tri Dao and
                  Daniel Y. Fu and
                  Stefano Ermon and
                  Atri Rudra and
                  Christopher R{\'{e}}},
  editor       = {Sanmi Koyejo and
                  S. Mohamed and
                  A. Agarwal and
                  Danielle Belgrave and
                  K. Cho and
                  A. Oh},
  title        = {FlashAttention: Fast and Memory-Efficient Exact Attention with IO-Awareness},
  booktitle    = {Advances in Neural Information Processing Systems 35: Annual Conference
                  on Neural Information Processing Systems 2022, NeurIPS 2022, New Orleans,
                  LA, USA, November 28 - December 9, 2022},
  year         = {2022},
  url          = {http://papers.nips.cc/paper\_files/paper/2022/hash/67d57c32e20fd0a7a302cb81d36e40d5-Abstract-Conference.html},
  timestamp    = {Mon, 08 Jan 2024 16:31:29 +0100},
  biburl       = {https://dblp.org/rec/conf/nips/DaoFERR22.bib},
  bibsource    = {dblp computer science bibliography, https://dblp.org}
}

% Flash 2.0
@article{DBLP:journals/corr/abs-2307-08691,
  author       = {Tri Dao},
  title        = {FlashAttention-2: Faster Attention with Better Parallelism and Work
                  Partitioning},
  journal      = {CoRR},
  volume       = {abs/2307.08691},
  year         = {2023},
  url          = {https://doi.org/10.48550/arXiv.2307.08691},
  doi          = {10.48550/ARXIV.2307.08691},
  eprinttype    = {arXiv},
  eprint       = {2307.08691},
  timestamp    = {Tue, 25 Jul 2023 16:04:08 +0200},
  biburl       = {https://dblp.org/rec/journals/corr/abs-2307-08691.bib},
  bibsource    = {dblp computer science bibliography, https://dblp.org}
}

% PERFORMER
@inproceedings{DBLP:conf/iclr/ChoromanskiLDSG21,
  author       = {Krzysztof Marcin Choromanski and
                  Valerii Likhosherstov and
                  David Dohan and
                  Xingyou Song and
                  Andreea Gane and
                  Tam{\'{a}}s Sarl{\'{o}}s and
                  Peter Hawkins and
                  Jared Quincy Davis and
                  Afroz Mohiuddin and
                  Lukasz Kaiser and
                  David Benjamin Belanger and
                  Lucy J. Colwell and
                  Adrian Weller},
  title        = {Rethinking Attention with Performers},
  booktitle    = {9th International Conference on Learning Representations, {ICLR} 2021,
                  Virtual Event, Austria, May 3-7, 2021},
  publisher    = {OpenReview.net},
  year         = {2021},
  url          = {https://openreview.net/forum?id=Ua6zuk0WRH},
  timestamp    = {Wed, 23 Jun 2021 17:36:39 +0200},
  biburl       = {https://dblp.org/rec/conf/iclr/ChoromanskiLDSG21.bib},
  bibsource    = {dblp computer science bibliography, https://dblp.org}
}

% GPT
@inproceedings{DBLP:conf/nips/BrownMRSKDNSSAA20,
  author       = {Tom B. Brown and
                  Benjamin Mann and
                  Nick Ryder and
                  Melanie Subbiah and
                  Jared Kaplan and
                  Prafulla Dhariwal and
                  Arvind Neelakantan and
                  Pranav Shyam and
                  Girish Sastry and
                  Amanda Askell and
                  Sandhini Agarwal and
                  Ariel Herbert{-}Voss and
                  Gretchen Krueger and
                  Tom Henighan and
                  Rewon Child and
                  Aditya Ramesh and
                  Daniel M. Ziegler and
                  Jeffrey Wu and
                  Clemens Winter and
                  Christopher Hesse and
                  Mark Chen and
                  Eric Sigler and
                  Mateusz Litwin and
                  Scott Gray and
                  Benjamin Chess and
                  Jack Clark and
                  Christopher Berner and
                  Sam McCandlish and
                  Alec Radford and
                  Ilya Sutskever and
                  Dario Amodei},
  editor       = {Hugo Larochelle and
                  Marc'Aurelio Ranzato and
                  Raia Hadsell and
                  Maria{-}Florina Balcan and
                  Hsuan{-}Tien Lin},
  title        = {Language Models are Few-Shot Learners},
  booktitle    = {Advances in Neural Information Processing Systems 33: Annual Conference
                  on Neural Information Processing Systems 2020, NeurIPS 2020, December
                  6-12, 2020, virtual},
  year         = {2020},
  url          = {https://proceedings.neurips.cc/paper/2020/hash/1457c0d6bfcb4967418bfb8ac142f64a-Abstract.html},
  timestamp    = {Thu, 25 May 2023 10:38:31 +0200},
  biburl       = {https://dblp.org/rec/conf/nips/BrownMRSKDNSSAA20.bib},
  bibsource    = {dblp computer science bibliography, https://dblp.org}
}

% SimCLR
@inproceedings{DBLP:conf/icml/ChenK0H20,
  author       = {Ting Chen and
                  Simon Kornblith and
                  Mohammad Norouzi and
                  Geoffrey E. Hinton},
  title        = {A Simple Framework for Contrastive Learning of Visual Representations},
  booktitle    = {Proceedings of the 37th International Conference on Machine Learning,
                  {ICML} 2020, 13-18 July 2020, Virtual Event},
  series       = {Proceedings of Machine Learning Research},
  volume       = {119},
  pages        = {1597--1607},
  publisher    = {{PMLR}},
  year         = {2020},
  url          = {http://proceedings.mlr.press/v119/chen20j.html},
  timestamp    = {Tue, 15 Dec 2020 17:40:18 +0100},
  biburl       = {https://dblp.org/rec/conf/icml/ChenK0H20.bib},
  bibsource    = {dblp computer science bibliography, https://dblp.org}
}

% MoCo v3
@inproceedings{DBLP:conf/iccv/ChenXH21,
  author       = {Xinlei Chen and
                  Saining Xie and
                  Kaiming He},
  title        = {An Empirical Study of Training Self-Supervised Vision Transformers},
  booktitle    = {2021 {IEEE/CVF} International Conference on Computer Vision, {ICCV}
                  2021, Montreal, QC, Canada, October 10-17, 2021},
  pages        = {9620--9629},
  publisher    = {{IEEE}},
  year         = {2021},
  url          = {https://doi.org/10.1109/ICCV48922.2021.00950},
  doi          = {10.1109/ICCV48922.2021.00950},
  timestamp    = {Fri, 11 Mar 2022 10:01:59 +0100},
  biburl       = {https://dblp.org/rec/conf/iccv/ChenXH21.bib},
  bibsource    = {dblp computer science bibliography, https://dblp.org}
}

% MAE Paper
@inproceedings{DBLP:conf/cvpr/HeCXLDG22,
  author       = {Kaiming He and
                  Xinlei Chen and
                  Saining Xie and
                  Yanghao Li and
                  Piotr Doll{\'{a}}r and
                  Ross B. Girshick},
  title        = {Masked Autoencoders Are Scalable Vision Learners},
  booktitle    = {{IEEE/CVF} Conference on Computer Vision and Pattern Recognition,
                  {CVPR} 2022, New Orleans, LA, USA, June 18-24, 2022},
  pages        = {15979--15988},
  publisher    = {{IEEE}},
  year         = {2022},
  url          = {https://doi.org/10.1109/CVPR52688.2022.01553},
  doi          = {10.1109/CVPR52688.2022.01553},
  timestamp    = {Wed, 05 Oct 2022 16:31:19 +0200},
  biburl       = {https://dblp.org/rec/conf/cvpr/HeCXLDG22.bib},
  bibsource    = {dblp computer science bibliography, https://dblp.org}
}

@inproceedings{DBLP:conf/iclr/DosovitskiyB0WZ21,
  author       = {Alexey Dosovitskiy and
                  Lucas Beyer and
                  Alexander Kolesnikov and
                  Dirk Weissenborn and
                  Xiaohua Zhai and
                  Thomas Unterthiner and
                  Mostafa Dehghani and
                  Matthias Minderer and
                  Georg Heigold and
                  Sylvain Gelly and
                  Jakob Uszkoreit and
                  Neil Houlsby},
  title        = {An Image is Worth 16x16 Words: Transformers for Image Recognition
                  at Scale},
  booktitle    = {9th International Conference on Learning Representations, {ICLR} 2021,
                  Virtual Event, Austria, May 3-7, 2021},
  publisher    = {OpenReview.net},
  year         = {2021},
  url          = {https://openreview.net/forum?id=YicbFdNTTy},
  timestamp    = {Wed, 23 Jun 2021 17:36:39 +0200},
  biburl       = {https://dblp.org/rec/conf/iclr/DosovitskiyB0WZ21.bib},
  bibsource    = {dblp computer science bibliography, https://dblp.org}
}

@article{DBLP:journals/corr/abs-2110-00476,
  author       = {Ross Wightman and
                  Hugo Touvron and
                  Herv{\'{e}} J{\'{e}}gou},
  title        = {ResNet strikes back: An improved training procedure in timm},
  journal      = {CoRR},
  volume       = {abs/2110.00476},
  year         = {2021},
  url          = {https://arxiv.org/abs/2110.00476},
  eprinttype    = {arXiv},
  eprint       = {2110.00476},
  timestamp    = {Fri, 08 Oct 2021 15:47:55 +0200},
  biburl       = {https://dblp.org/rec/journals/corr/abs-2110-00476.bib},
  bibsource    = {dblp computer science bibliography, https://dblp.org}
}


@inproceedings{DBLP:conf/nips/BusbridgeRALDCW23,
  author       = {Dan Busbridge and
                  Jason Ramapuram and
                  Pierre Ablin and
                  Tatiana Likhomanenko and
                  Eeshan Gunesh Dhekane and
                  Xavier Suau Cuadros and
                  Russell Webb},
  editor       = {Alice Oh and
                  Tristan Naumann and
                  Amir Globerson and
                  Kate Saenko and
                  Moritz Hardt and
                  Sergey Levine},
  title        = {How to Scale Your {EMA}},
  booktitle    = {Advances in Neural Information Processing Systems 36: Annual Conference
                  on Neural Information Processing Systems 2023, NeurIPS 2023, New Orleans,
                  LA, USA, December 10 - 16, 2023},
  year         = {2023},
  url          = {http://papers.nips.cc/paper\_files/paper/2023/hash/e7681dd6fe16052433ab68cd1555bdc9-Abstract-Conference.html},
  timestamp    = {Fri, 01 Mar 2024 16:26:21 +0100},
  biburl       = {https://dblp.org/rec/conf/nips/BusbridgeRALDCW23.bib},
  bibsource    = {dblp computer science bibliography, https://dblp.org}
}

% Sigma Reparam
@inproceedings{DBLP:conf/icml/ZhaiLLBR0GS23,
  author       = {Shuangfei Zhai and
                  Tatiana Likhomanenko and
                  Etai Littwin and
                  Dan Busbridge and
                  Jason Ramapuram and
                  Yizhe Zhang and
                  Jiatao Gu and
                  Joshua M. Susskind},
  editor       = {Andreas Krause and
                  Emma Brunskill and
                  Kyunghyun Cho and
                  Barbara Engelhardt and
                  Sivan Sabato and
                  Jonathan Scarlett},
  title        = {Stabilizing Transformer Training by Preventing Attention Entropy Collapse},
  booktitle    = {International Conference on Machine Learning, {ICML} 2023, 23-29 July
                  2023, Honolulu, Hawaii, {USA}},
  series       = {Proceedings of Machine Learning Research},
  volume       = {202},
  pages        = {40770--40803},
  publisher    = {{PMLR}},
  year         = {2023},
  url          = {https://proceedings.mlr.press/v202/zhai23a.html},
  timestamp    = {Mon, 28 Aug 2023 17:23:09 +0200},
  biburl       = {https://dblp.org/rec/conf/icml/ZhaiLLBR0GS23.bib},
  bibsource    = {dblp computer science bibliography, https://dblp.org}
}

@article{DBLP:journals/corr/abs-2303-15343,
  author       = {Xiaohua Zhai and
                  Basil Mustafa and
                  Alexander Kolesnikov and
                  Lucas Beyer},
  title        = {Sigmoid Loss for Language Image Pre-Training},
  journal      = {CoRR},
  volume       = {abs/2303.15343},
  year         = {2023},
  url          = {https://doi.org/10.48550/arXiv.2303.15343},
  doi          = {10.48550/ARXIV.2303.15343},
  eprinttype    = {arXiv},
  eprint       = {2303.15343},
  timestamp    = {Fri, 14 Apr 2023 17:38:15 +0200},
  biburl       = {https://dblp.org/rec/journals/corr/abs-2303-15343.bib},
  bibsource    = {dblp computer science bibliography, https://dblp.org}
}

@inproceedings{DBLP:conf/icml/GaneaGBS19,
  author       = {Octavian Ganea and
                  Sylvain Gelly and
                  Gary B{\'{e}}cigneul and
                  Aliaksei Severyn},
  editor       = {Kamalika Chaudhuri and
                  Ruslan Salakhutdinov},
  title        = {Breaking the Softmax Bottleneck via Learnable Monotonic Pointwise
                  Non-linearities},
  booktitle    = {Proceedings of the 36th International Conference on Machine Learning,
                  {ICML} 2019, 9-15 June 2019, Long Beach, California, {USA}},
  series       = {Proceedings of Machine Learning Research},
  volume       = {97},
  pages        = {2073--2082},
  publisher    = {{PMLR}},
  year         = {2019},
  url          = {http://proceedings.mlr.press/v97/ganea19a.html},
  timestamp    = {Tue, 11 Jun 2019 15:37:38 +0200},
  biburl       = {https://dblp.org/rec/conf/icml/GaneaGBS19.bib},
  bibsource    = {dblp computer science bibliography, https://dblp.org}
}

@inproceedings{DBLP:conf/iclr/YangDSC18,
  author       = {Zhilin Yang and
                  Zihang Dai and
                  Ruslan Salakhutdinov and
                  William W. Cohen},
  title        = {Breaking the Softmax Bottleneck: {A} High-Rank {RNN} Language Model},
  booktitle    = {6th International Conference on Learning Representations, {ICLR} 2018,
                  Vancouver, BC, Canada, April 30 - May 3, 2018, Conference Track Proceedings},
  publisher    = {OpenReview.net},
  year         = {2018},
  url          = {https://openreview.net/forum?id=HkwZSG-CZ},
  timestamp    = {Thu, 04 Apr 2019 13:20:09 +0200},
  biburl       = {https://dblp.org/rec/conf/iclr/YangDSC18.bib},
  bibsource    = {dblp computer science bibliography, https://dblp.org}
}

% DINO SSL
@inproceedings{DBLP:conf/iccv/CaronTMJMBJ21,
  author       = {Mathilde Caron and
                  Hugo Touvron and
                  Ishan Misra and
                  Herv{\'{e}} J{\'{e}}gou and
                  Julien Mairal and
                  Piotr Bojanowski and
                  Armand Joulin},
  title        = {Emerging Properties in Self-Supervised Vision Transformers},
  booktitle    = {2021 {IEEE/CVF} International Conference on Computer Vision, {ICCV}
                  2021, Montreal, QC, Canada, October 10-17, 2021},
  pages        = {9630--9640},
  publisher    = {{IEEE}},
  year         = {2021},
  url          = {https://doi.org/10.1109/ICCV48922.2021.00951},
  doi          = {10.1109/ICCV48922.2021.00951},
  timestamp    = {Fri, 11 Mar 2022 10:01:59 +0100},
  biburl       = {https://dblp.org/rec/conf/iccv/CaronTMJMBJ21.bib},
  bibsource    = {dblp computer science bibliography, https://dblp.org}
}

@inproceedings{DBLP:journals/corr/BahdanauCB14,
  author       = {Dzmitry Bahdanau and
                  Kyunghyun Cho and
                  Yoshua Bengio},
  editor       = {Yoshua Bengio and
                  Yann LeCun},
  title        = {Neural Machine Translation by Jointly Learning to Align and Translate},
  booktitle    = {3rd International Conference on Learning Representations, {ICLR} 2015,
                  San Diego, CA, USA, May 7-9, 2015, Conference Track Proceedings},
  year         = {2015},
  url          = {http://arxiv.org/abs/1409.0473},
  timestamp    = {Wed, 17 Jul 2019 10:40:54 +0200},
  biburl       = {https://dblp.org/rec/journals/corr/BahdanauCB14.bib},
  bibsource    = {dblp computer science bibliography, https://dblp.org}
}

%MLX
@software{mlx2023,
  author = {Awni Hannun and Jagrit Digani and Angelos Katharopoulos and Ronan Collobert},
  title = {{MLX}: Efficient and flexible machine learning on Apple silicon},
  url = {https://github.com/ml-explore},
  version = {0.0},
  year = {2023},
}

% ReLU + transformer1
@article{DBLP:journals/corr/abs-2302-06461,
  author       = {Kai Shen and
                  Junliang Guo and
                  Xu Tan and
                  Siliang Tang and
                  Rui Wang and
                  Jiang Bian},
  title        = {A Study on ReLU and Softmax in Transformer},
  journal      = {CoRR},
  volume       = {abs/2302.06461},
  year         = {2023},
  url          = {https://doi.org/10.48550/arXiv.2302.06461},
  doi          = {10.48550/ARXIV.2302.06461},
  eprinttype    = {arXiv},
  eprint       = {2302.06461},
  timestamp    = {Tue, 05 Dec 2023 20:52:43 +0100},
  biburl       = {https://dblp.org/rec/journals/corr/abs-2302-06461.bib},
  bibsource    = {dblp computer science bibliography, https://dblp.org}
}

% ReLU + transformer2
@inproceedings{DBLP:conf/icml/HronBSN20,
  author       = {Jiri Hron and
                  Yasaman Bahri and
                  Jascha Sohl{-}Dickstein and
                  Roman Novak},
  title        = {Infinite attention: {NNGP} and {NTK} for deep attention networks},
  booktitle    = {Proceedings of the 37th International Conference on Machine Learning,
                  {ICML} 2020, 13-18 July 2020, Virtual Event},
  series       = {Proceedings of Machine Learning Research},
  volume       = {119},
  pages        = {4376--4386},
  publisher    = {{PMLR}},
  year         = {2020},
  url          = {http://proceedings.mlr.press/v119/hron20a.html},
  timestamp    = {Tue, 15 Dec 2020 17:40:19 +0100},
  biburl       = {https://dblp.org/rec/conf/icml/HronBSN20.bib},
  bibsource    = {dblp computer science bibliography, https://dblp.org}
}

% Randaug
@inproceedings{DBLP:conf/nips/CubukZS020,
  author       = {Ekin Dogus Cubuk and
                  Barret Zoph and
                  Jonathon Shlens and
                  Quoc Le},
  editor       = {Hugo Larochelle and
                  Marc'Aurelio Ranzato and
                  Raia Hadsell and
                  Maria{-}Florina Balcan and
                  Hsuan{-}Tien Lin},
  title        = {RandAugment: Practical Automated Data Augmentation with a Reduced
                  Search Space},
  booktitle    = {Advances in Neural Information Processing Systems 33: Annual Conference
                  on Neural Information Processing Systems 2020, NeurIPS 2020, December
                  6-12, 2020, virtual},
  year         = {2020},
  url          = {https://proceedings.neurips.cc/paper/2020/hash/d85b63ef0ccb114d0a3bb7b7d808028f-Abstract.html},
  timestamp    = {Mon, 02 May 2022 17:13:05 +0200},
  biburl       = {https://dblp.org/rec/conf/nips/CubukZS020.bib},
  bibsource    = {dblp computer science bibliography, https://dblp.org}
}

% ReLU + transformer1 [theory]
@inproceedings{DBLP:conf/nips/BaiCWXM23,
  author       = {Yu Bai and
                  Fan Chen and
                  Huan Wang and
                  Caiming Xiong and
                  Song Mei},
  editor       = {Alice Oh and
                  Tristan Naumann and
                  Amir Globerson and
                  Kate Saenko and
                  Moritz Hardt and
                  Sergey Levine},
  title        = {Transformers as Statisticians: Provable In-Context Learning with In-Context
                  Algorithm Selection},
  booktitle    = {Advances in Neural Information Processing Systems 36: Annual Conference
                  on Neural Information Processing Systems 2023, NeurIPS 2023, New Orleans,
                  LA, USA, December 10 - 16, 2023},
  year         = {2023},
  url          = {http://papers.nips.cc/paper\_files/paper/2023/hash/b2e63e36c57e153b9015fece2352a9f9-Abstract-Conference.html},
  timestamp    = {Fri, 01 Mar 2024 16:26:20 +0100},
  biburl       = {https://dblp.org/rec/conf/nips/BaiCWXM23.bib},
  bibsource    = {dblp computer science bibliography, https://dblp.org}
}

% ReLU + transformer2 [theory]
@inproceedings{DBLP:conf/nips/Fu00M23,
  author       = {Hengyu Fu and
                  Tianyu Guo and
                  Yu Bai and
                  Song Mei},
  editor       = {Alice Oh and
                  Tristan Naumann and
                  Amir Globerson and
                  Kate Saenko and
                  Moritz Hardt and
                  Sergey Levine},
  title        = {What can a Single Attention Layer Learn? {A} Study Through the Random
                  Features Lens},
  booktitle    = {Advances in Neural Information Processing Systems 36: Annual Conference
                  on Neural Information Processing Systems 2023, NeurIPS 2023, New Orleans,
                  LA, USA, December 10 - 16, 2023},
  year         = {2023},
  url          = {http://papers.nips.cc/paper\_files/paper/2023/hash/274db6bf1b01d8b4f07feaeb8c46f474-Abstract-Conference.html},
  timestamp    = {Fri, 01 Mar 2024 16:26:19 +0100},
  biburl       = {https://dblp.org/rec/conf/nips/Fu00M23.bib},
  bibsource    = {dblp computer science bibliography, https://dblp.org}
}

% Linear xformer1 
@inproceedings{DBLP:conf/icml/KatharopoulosV020,
  author       = {Angelos Katharopoulos and
                  Apoorv Vyas and
                  Nikolaos Pappas and
                  Fran{\c{c}}ois Fleuret},
  title        = {Transformers are RNNs: Fast Autoregressive Transformers with Linear
                  Attention},
  booktitle    = {Proceedings of the 37th International Conference on Machine Learning,
                  {ICML} 2020, 13-18 July 2020, Virtual Event},
  series       = {Proceedings of Machine Learning Research},
  volume       = {119},
  pages        = {5156--5165},
  publisher    = {{PMLR}},
  year         = {2020},
  url          = {http://proceedings.mlr.press/v119/katharopoulos20a.html},
  timestamp    = {Tue, 15 Dec 2020 17:40:19 +0100},
  biburl       = {https://dblp.org/rec/conf/icml/KatharopoulosV020.bib},
  bibsource    = {dblp computer science bibliography, https://dblp.org}
}

% Linear xformer2
@inproceedings{DBLP:conf/nips/LuYZZXGXXZ21,
  author       = {Jiachen Lu and
                  Jinghan Yao and
                  Junge Zhang and
                  Xiatian Zhu and
                  Hang Xu and
                  Weiguo Gao and
                  Chunjing Xu and
                  Tao Xiang and
                  Li Zhang},
  editor       = {Marc'Aurelio Ranzato and
                  Alina Beygelzimer and
                  Yann N. Dauphin and
                  Percy Liang and
                  Jennifer Wortman Vaughan},
  title        = {{SOFT:} Softmax-free Transformer with Linear Complexity},
  booktitle    = {Advances in Neural Information Processing Systems 34: Annual Conference
                  on Neural Information Processing Systems 2021, NeurIPS 2021, December
                  6-14, 2021, virtual},
  pages        = {21297--21309},
  year         = {2021},
  url          = {https://proceedings.neurips.cc/paper/2021/hash/b1d10e7bafa4421218a51b1e1f1b0ba2-Abstract.html},
  timestamp    = {Thu, 11 Jan 2024 17:08:09 +0100},
  biburl       = {https://dblp.org/rec/conf/nips/LuYZZXGXXZ21.bib},
  bibsource    = {dblp computer science bibliography, https://dblp.org}
}

% Linear xformer 3
@inproceedings{DBLP:conf/wacv/KoohpayeganiP24,
  author       = {Soroush Abbasi Koohpayegani and
                  Hamed Pirsiavash},
  title        = {SimA: Simple Softmax-free Attention for Vision Transformers},
  booktitle    = {{IEEE/CVF} Winter Conference on Applications of Computer Vision, {WACV}
                  2024, Waikoloa, HI, USA, January 3-8, 2024},
  pages        = {2595--2605},
  publisher    = {{IEEE}},
  year         = {2024},
  url          = {https://doi.org/10.1109/WACV57701.2024.00259},
  doi          = {10.1109/WACV57701.2024.00259},
  timestamp    = {Wed, 17 Apr 2024 11:21:26 +0200},
  biburl       = {https://dblp.org/rec/conf/wacv/KoohpayeganiP24.bib},
  bibsource    = {dblp computer science bibliography, https://dblp.org}
}

% CAPE
@inproceedings{DBLP:conf/nips/LikhomanenkoXSC21,
  author       = {Tatiana Likhomanenko and
                  Qiantong Xu and
                  Gabriel Synnaeve and
                  Ronan Collobert and
                  Alex Rogozhnikov},
  editor       = {Marc'Aurelio Ranzato and
                  Alina Beygelzimer and
                  Yann N. Dauphin and
                  Percy Liang and
                  Jennifer Wortman Vaughan},
  title        = {{CAPE:} Encoding Relative Positions with Continuous Augmented Positional
                  Embeddings},
  booktitle    = {Advances in Neural Information Processing Systems 34: Annual Conference
                  on Neural Information Processing Systems 2021, NeurIPS 2021, December
                  6-14, 2021, virtual},
  pages        = {16079--16092},
  year         = {2021},
  url          = {https://proceedings.neurips.cc/paper/2021/hash/865bf46435bd84fa5d89f64cf3ba7347-Abstract.html},
  timestamp    = {Tue, 03 May 2022 16:20:48 +0200},
  biburl       = {https://dblp.org/rec/conf/nips/LikhomanenkoXSC21.bib},
  bibsource    = {dblp computer science bibliography, https://dblp.org}
}

% CTC
@inproceedings{DBLP:conf/icml/GravesFGS06,
  author       = {Alex Graves and
                  Santiago Fern{\'{a}}ndez and
                  Faustino J. Gomez and
                  J{\"{u}}rgen Schmidhuber},
  editor       = {William W. Cohen and
                  Andrew W. Moore},
  title        = {Connectionist temporal classification: labelling unsegmented sequence
                  data with recurrent neural networks},
  booktitle    = {Machine Learning, Proceedings of the Twenty-Third International Conference
                  {(ICML} 2006), Pittsburgh, Pennsylvania, USA, June 25-29, 2006},
  series       = {{ACM} International Conference Proceeding Series},
  volume       = {148},
  pages        = {369--376},
  publisher    = {{ACM}},
  year         = {2006},
  url          = {https://doi.org/10.1145/1143844.1143891},
  doi          = {10.1145/1143844.1143891},
  timestamp    = {Tue, 19 Nov 2019 09:25:06 +0100},
  biburl       = {https://dblp.org/rec/conf/icml/GravesFGS06.bib},
  bibsource    = {dblp computer science bibliography, https://dblp.org}
}

% Conformer
@inproceedings{DBLP:conf/interspeech/GulatiQCPZYHWZW20,
  author       = {Anmol Gulati and
                  James Qin and
                  Chung{-}Cheng Chiu and
                  Niki Parmar and
                  Yu Zhang and
                  Jiahui Yu and
                  Wei Han and
                  Shibo Wang and
                  Zhengdong Zhang and
                  Yonghui Wu and
                  Ruoming Pang},
  editor       = {Helen Meng and
                  Bo Xu and
                  Thomas Fang Zheng},
  title        = {Conformer: Convolution-augmented Transformer for Speech Recognition},
  booktitle    = {Interspeech 2020, 21st Annual Conference of the International Speech
                  Communication Association, Virtual Event, Shanghai, China, 25-29 October
                  2020},
  pages        = {5036--5040},
  publisher    = {{ISCA}},
  year         = {2020},
  url          = {https://doi.org/10.21437/Interspeech.2020-3015},
  doi          = {10.21437/INTERSPEECH.2020-3015},
  timestamp    = {Fri, 29 Jan 2021 17:40:18 +0100},
  biburl       = {https://dblp.org/rec/conf/interspeech/GulatiQCPZYHWZW20.bib},
  bibsource    = {dblp computer science bibliography, https://dblp.org}
}

% Specaugment
@inproceedings{DBLP:conf/interspeech/ParkCZCZCL19,
  author       = {Daniel S. Park and
                  William Chan and
                  Yu Zhang and
                  Chung{-}Cheng Chiu and
                  Barret Zoph and
                  Ekin D. Cubuk and
                  Quoc V. Le},
  editor       = {Gernot Kubin and
                  Zdravko Kacic},
  title        = {SpecAugment: {A} Simple Data Augmentation Method for Automatic Speech
                  Recognition},
  booktitle    = {Interspeech 2019, 20th Annual Conference of the International Speech
                  Communication Association, Graz, Austria, 15-19 September 2019},
  pages        = {2613--2617},
  publisher    = {{ISCA}},
  year         = {2019},
  url          = {https://doi.org/10.21437/Interspeech.2019-2680},
  doi          = {10.21437/INTERSPEECH.2019-2680},
  timestamp    = {Fri, 29 Jan 2021 17:41:10 +0100},
  biburl       = {https://dblp.org/rec/conf/interspeech/ParkCZCZCL19.bib},
  bibsource    = {dblp computer science bibliography, https://dblp.org}
}

% Librispeech 
@inproceedings{DBLP:conf/icassp/PanayotovCPK15,
  author       = {Vassil Panayotov and
                  Guoguo Chen and
                  Daniel Povey and
                  Sanjeev Khudanpur},
  title        = {Librispeech: An {ASR} corpus based on public domain audio books},
  booktitle    = {2015 {IEEE} International Conference on Acoustics, Speech and Signal
                  Processing, {ICASSP} 2015, South Brisbane, Queensland, Australia,
                  April 19-24, 2015},
  pages        = {5206--5210},
  publisher    = {{IEEE}},
  year         = {2015},
  url          = {https://doi.org/10.1109/ICASSP.2015.7178964},
  doi          = {10.1109/ICASSP.2015.7178964},
  timestamp    = {Fri, 25 Dec 2020 01:15:12 +0100},
  biburl       = {https://dblp.org/rec/conf/icassp/PanayotovCPK15.bib},
  bibsource    = {dblp computer science bibliography, https://dblp.org}
}

% C4 dataset
@article{DBLP:journals/jmlr/RaffelSRLNMZLL20,
  author       = {Colin Raffel and
                  Noam Shazeer and
                  Adam Roberts and
                  Katherine Lee and
                  Sharan Narang and
                  Michael Matena and
                  Yanqi Zhou and
                  Wei Li and
                  Peter J. Liu},
  title        = {Exploring the Limits of Transfer Learning with a Unified Text-to-Text
                  Transformer},
  journal      = {J. Mach. Learn. Res.},
  volume       = {21},
  pages        = {140:1--140:67},
  year         = {2020},
  url          = {http://jmlr.org/papers/v21/20-074.html},
  timestamp    = {Fri, 05 Feb 2021 15:43:41 +0100},
  biburl       = {https://dblp.org/rec/journals/jmlr/RaffelSRLNMZLL20.bib},
  bibsource    = {dblp computer science bibliography, https://dblp.org}
}

% Cos-sim attn 1
@inproceedings{DBLP:conf/cvpr/Liu0LYXWN000WG22,
  author       = {Ze Liu and
                  Han Hu and
                  Yutong Lin and
                  Zhuliang Yao and
                  Zhenda Xie and
                  Yixuan Wei and
                  Jia Ning and
                  Yue Cao and
                  Zheng Zhang and
                  Li Dong and
                  Furu Wei and
                  Baining Guo},
  title        = {Swin Transformer {V2:} Scaling Up Capacity and Resolution},
  booktitle    = {{IEEE/CVF} Conference on Computer Vision and Pattern Recognition,
                  {CVPR} 2022, New Orleans, LA, USA, June 18-24, 2022},
  pages        = {11999--12009},
  publisher    = {{IEEE}},
  year         = {2022},
  url          = {https://doi.org/10.1109/CVPR52688.2022.01170},
  doi          = {10.1109/CVPR52688.2022.01170},
  timestamp    = {Mon, 05 Jun 2023 16:18:23 +0200},
  biburl       = {https://dblp.org/rec/conf/cvpr/Liu0LYXWN000WG22.bib},
  bibsource    = {dblp computer science bibliography, https://dblp.org}
}

% Cos-sim attn 2
@inproceedings{DBLP:conf/icann/LuoZXWRY18,
  author       = {Chunjie Luo and
                  Jianfeng Zhan and
                  Xiaohe Xue and
                  Lei Wang and
                  Rui Ren and
                  Qiang Yang},
  editor       = {Vera Kurkov{\'{a}} and
                  Yannis Manolopoulos and
                  Barbara Hammer and
                  Lazaros S. Iliadis and
                  Ilias Maglogiannis},
  title        = {Cosine Normalization: Using Cosine Similarity Instead of Dot Product
                  in Neural Networks},
  booktitle    = {Artificial Neural Networks and Machine Learning - {ICANN} 2018 - 27th
                  International Conference on Artificial Neural Networks, Rhodes, Greece,
                  October 4-7, 2018, Proceedings, Part {I}},
  series       = {Lecture Notes in Computer Science},
  volume       = {11139},
  pages        = {382--391},
  publisher    = {Springer},
  year         = {2018},
  url          = {https://doi.org/10.1007/978-3-030-01418-6\_38},
  doi          = {10.1007/978-3-030-01418-6\_38},
  timestamp    = {Tue, 14 May 2019 10:00:49 +0200},
  biburl       = {https://dblp.org/rec/conf/icann/LuoZXWRY18.bib},
  bibsource    = {dblp computer science bibliography, https://dblp.org}
}


% Wikitext 103
@inproceedings{DBLP:conf/iclr/MerityX0S17,
  author       = {Stephen Merity and
                  Caiming Xiong and
                  James Bradbury and
                  Richard Socher},
  title        = {Pointer Sentinel Mixture Models},
  booktitle    = {5th International Conference on Learning Representations, {ICLR} 2017,
                  Toulon, France, April 24-26, 2017, Conference Track Proceedings},
  publisher    = {OpenReview.net},
  year         = {2017},
  url          = {https://openreview.net/forum?id=Byj72udxe},
  timestamp    = {Thu, 25 Jul 2019 14:25:57 +0200},
  biburl       = {https://dblp.org/rec/conf/iclr/MerityX0S17.bib},
  bibsource    = {dblp computer science bibliography, https://dblp.org}
}

%ALiBi
@inproceedings{DBLP:conf/iclr/PressSL22,
  author       = {Ofir Press and
                  Noah A. Smith and
                  Mike Lewis},
  title        = {Train Short, Test Long: Attention with Linear Biases Enables Input
                  Length Extrapolation},
  booktitle    = {The Tenth International Conference on Learning Representations, {ICLR}
                  2022, Virtual Event, April 25-29, 2022},
  publisher    = {OpenReview.net},
  year         = {2022},
  url          = {https://openreview.net/forum?id=R8sQPpGCv0},
  timestamp    = {Tue, 27 Dec 2022 12:44:40 +0100},
  biburl       = {https://dblp.org/rec/conf/iclr/PressSL22.bib},
  bibsource    = {dblp computer science bibliography, https://dblp.org}
}

%RoPE
@article{DBLP:journals/ijon/SuALPBL24,
  author       = {Jianlin Su and
                  Murtadha H. M. Ahmed and
                  Yu Lu and
                  Shengfeng Pan and
                  Wen Bo and
                  Yunfeng Liu},
  title        = {RoFormer: Enhanced transformer with Rotary Position Embedding},
  journal      = {Neurocomputing},
  volume       = {568},
  pages        = {127063},
  year         = {2024},
  url          = {https://doi.org/10.1016/j.neucom.2023.127063},
  doi          = {10.1016/J.NEUCOM.2023.127063},
  timestamp    = {Fri, 26 Jan 2024 07:56:41 +0100},
  biburl       = {https://dblp.org/rec/journals/ijon/SuALPBL24.bib},
  bibsource    = {dblp computer science bibliography, https://dblp.org}
}

% H100 paper
@article{DBLP:journals/micro/Choquette23,
  author       = {Jack Choquette},
  title        = {{NVIDIA} Hopper {H100} {GPU:} Scaling Performance},
  journal      = {{IEEE} Micro},
  volume       = {43},
  number       = {3},
  pages        = {9--17},
  year         = {2023},
  url          = {https://doi.org/10.1109/MM.2023.3256796},
  doi          = {10.1109/MM.2023.3256796},
  timestamp    = {Fri, 02 Jun 2023 21:23:28 +0200},
  biburl       = {https://dblp.org/rec/journals/micro/Choquette23.bib},
  bibsource    = {dblp computer science bibliography, https://dblp.org}
}

% TPU paper
@inproceedings{DBLP:conf/isca/JouppiYPPABBBBB17,
  author       = {Norman P. Jouppi and
                  Cliff Young and
                  Nishant Patil and
                  David A. Patterson and
                  Gaurav Agrawal and
                  Raminder Bajwa and
                  Sarah Bates and
                  Suresh Bhatia and
                  Nan Boden and
                  Al Borchers and
                  Rick Boyle and
                  Pierre{-}luc Cantin and
                  Clifford Chao and
                  Chris Clark and
                  Jeremy Coriell and
                  Mike Daley and
                  Matt Dau and
                  Jeffrey Dean and
                  Ben Gelb and
                  Tara Vazir Ghaemmaghami and
                  Rajendra Gottipati and
                  William Gulland and
                  Robert Hagmann and
                  C. Richard Ho and
                  Doug Hogberg and
                  John Hu and
                  Robert Hundt and
                  Dan Hurt and
                  Julian Ibarz and
                  Aaron Jaffey and
                  Alek Jaworski and
                  Alexander Kaplan and
                  Harshit Khaitan and
                  Daniel Killebrew and
                  Andy Koch and
                  Naveen Kumar and
                  Steve Lacy and
                  James Laudon and
                  James Law and
                  Diemthu Le and
                  Chris Leary and
                  Zhuyuan Liu and
                  Kyle Lucke and
                  Alan Lundin and
                  Gordon MacKean and
                  Adriana Maggiore and
                  Maire Mahony and
                  Kieran Miller and
                  Rahul Nagarajan and
                  Ravi Narayanaswami and
                  Ray Ni and
                  Kathy Nix and
                  Thomas Norrie and
                  Mark Omernick and
                  Narayana Penukonda and
                  Andy Phelps and
                  Jonathan Ross and
                  Matt Ross and
                  Amir Salek and
                  Emad Samadiani and
                  Chris Severn and
                  Gregory Sizikov and
                  Matthew Snelham and
                  Jed Souter and
                  Dan Steinberg and
                  Andy Swing and
                  Mercedes Tan and
                  Gregory Thorson and
                  Bo Tian and
                  Horia Toma and
                  Erick Tuttle and
                  Vijay Vasudevan and
                  Richard Walter and
                  Walter Wang and
                  Eric Wilcox and
                  Doe Hyun Yoon},
  title        = {In-Datacenter Performance Analysis of a Tensor Processing Unit},
  booktitle    = {Proceedings of the 44th Annual International Symposium on Computer
                  Architecture, {ISCA} 2017, Toronto, ON, Canada, June 24-28, 2017},
  pages        = {1--12},
  publisher    = {{ACM}},
  year         = {2017},
  url          = {https://doi.org/10.1145/3079856.3080246},
  doi          = {10.1145/3079856.3080246},
  timestamp    = {Thu, 13 Apr 2023 19:55:43 +0200},
  biburl       = {https://dblp.org/rec/conf/isca/JouppiYPPABBBBB17.bib},
  bibsource    = {dblp computer science bibliography, https://dblp.org}
}

% ReLU^2 attn
@inproceedings{DBLP:conf/icml/HuaDLL22,
  author       = {Weizhe Hua and
                  Zihang Dai and
                  Hanxiao Liu and
                  Quoc V. Le},
  editor       = {Kamalika Chaudhuri and
                  Stefanie Jegelka and
                  Le Song and
                  Csaba Szepesv{\'{a}}ri and
                  Gang Niu and
                  Sivan Sabato},
  title        = {Transformer Quality in Linear Time},
  booktitle    = {International Conference on Machine Learning, {ICML} 2022, 17-23 July
                  2022, Baltimore, Maryland, {USA}},
  series       = {Proceedings of Machine Learning Research},
  volume       = {162},
  pages        = {9099--9117},
  publisher    = {{PMLR}},
  year         = {2022},
  url          = {https://proceedings.mlr.press/v162/hua22a.html},
  timestamp    = {Tue, 12 Jul 2022 17:36:52 +0200},
  biburl       = {https://dblp.org/rec/conf/icml/HuaDLL22.bib},
  bibsource    = {dblp computer science bibliography, https://dblp.org}
}

@inproceedings{DBLP:conf/nips/VaswaniSPUJGKP17,
  author       = {Ashish Vaswani and
                  Noam Shazeer and
                  Niki Parmar and
                  Jakob Uszkoreit and
                  Llion Jones and
                  Aidan N. Gomez and
                  Lukasz Kaiser and
                  Illia Polosukhin},
  editor       = {Isabelle Guyon and
                  Ulrike von Luxburg and
                  Samy Bengio and
                  Hanna M. Wallach and
                  Rob Fergus and
                  S. V. N. Vishwanathan and
                  Roman Garnett},
  title        = {Attention is All you Need},
  booktitle    = {Advances in Neural Information Processing Systems 30: Annual Conference
                  on Neural Information Processing Systems 2017, December 4-9, 2017,
                  Long Beach, CA, {USA}},
  pages        = {5998--6008},
  year         = {2017},
  url          = {https://proceedings.neurips.cc/paper/2017/hash/3f5ee243547dee91fbd053c1c4a845aa-Abstract.html},
  timestamp    = {Thu, 21 Jan 2021 15:15:21 +0100},
  biburl       = {https://dblp.org/rec/conf/nips/VaswaniSPUJGKP17.bib},
  bibsource    = {dblp computer science bibliography, https://dblp.org}
}

@inproceedings{touvron2021going,
  title={Going deeper with image transformers},
  author={Touvron, Hugo and Cord, Matthieu and Sablayrolles, Alexandre and Synnaeve, Gabriel and J{\'e}gou, Herv{\'e}},
  booktitle={Proceedings of the IEEE/CVF international conference on computer vision},
  pages={32--42},
  year={2021}
}

@TechReport{mitchell80,
  author = 	 "T. M. Mitchell",
  title = 	 "The Need for Biases in Learning Generalizations",
  institution =  "Computer Science Department, Rutgers University",
  year = 	 "1980",
  address =	 "New Brunswick, MA",
}

@phdthesis{kearns89,
  author = {M. J. Kearns},
  title =  {Computational Complexity of Machine Learning},
  school = {Department of Computer Science, Harvard University},
  year =   {1989}
}

@Book{MachineLearningI,
  editor = 	 "R. S. Michalski and J. G. Carbonell and T.
		  M. Mitchell",
  title = 	 "Machine Learning: An Artificial Intelligence
		  Approach, Vol. I",
  publisher = 	 "Tioga",
  year = 	 "1983",
  address =	 "Palo Alto, CA"
}

@Book{DudaHart2nd,
  author =       "R. O. Duda and P. E. Hart and D. G. Stork",
  title =        "Pattern Classification",
  publisher =    "John Wiley and Sons",
  edition =      "2nd",
  year =         "2000"
}

@misc{anonymous,
  title= {Suppressed for Anonymity},
  author= {Author, N. N.},
  year= {2021}
}

@InCollection{Newell81,
  author =       "A. Newell and P. S. Rosenbloom",
  title =        "Mechanisms of Skill Acquisition and the Law of
                  Practice", 
  booktitle =    "Cognitive Skills and Their Acquisition",
  pages =        "1--51",
  publisher =    "Lawrence Erlbaum Associates, Inc.",
  year =         "1981",
  editor =       "J. R. Anderson",
  chapter =      "1",
  address =      "Hillsdale, NJ"
}


@Article{Samuel59,
  author = 	 "A. L. Samuel",
  title = 	 "Some Studies in Machine Learning Using the Game of
		  Checkers",
  journal =	 "IBM Journal of Research and Development",
  year =	 "1959",
  volume =	 "3",
  number =	 "3",
  pages =	 "211--229"
}

@article{castin2023understanding,
  title={Understanding the Regularity of Self-Attention with Optimal Transport},
  author={Castin, Val{\'e}rie and Ablin, Pierre and Peyr{\'e}, Gabriel},
  journal={arXiv preprint arXiv:2312.14820},
  year={2023}
}
@article{wortsman2023replacing,
  title={Replacing softmax with {{ReLU}} in vision transformers},
  author={Wortsman, Mitchell and Lee, Jaehoon and Gilmer, Justin and Kornblith, Simon},
  journal={arXiv preprint arXiv:2309.08586},
  year={2023}
}

%MQA
@article{DBLP:journals/corr/abs-1911-02150,
  author       = {Noam Shazeer},
  title        = {Fast Transformer Decoding: One Write-Head is All You Need},
  journal      = {CoRR},
  volume       = {abs/1911.02150},
  year         = {2019},
  url          = {http://arxiv.org/abs/1911.02150},
  eprinttype    = {arXiv},
  eprint       = {1911.02150},
  timestamp    = {Mon, 11 Nov 2019 18:38:09 +0100},
  biburl       = {https://dblp.org/rec/journals/corr/abs-1911-02150.bib},
  bibsource    = {dblp computer science bibliography, https://dblp.org}
}

% ViT-22B
@inproceedings{DBLP:conf/icml/0001DMPHGSCGAJB23,
  author       = {Mostafa Dehghani and
                  Josip Djolonga and
                  Basil Mustafa and
                  Piotr Padlewski and
                  Jonathan Heek and
                  Justin Gilmer and
                  Andreas Peter Steiner and
                  Mathilde Caron and
                  Robert Geirhos and
                  Ibrahim Alabdulmohsin and
                  Rodolphe Jenatton and
                  Lucas Beyer and
                  Michael Tschannen and
                  Anurag Arnab and
                  Xiao Wang and
                  Carlos Riquelme Ruiz and
                  Matthias Minderer and
                  Joan Puigcerver and
                  Utku Evci and
                  Manoj Kumar and
                  Sjoerd van Steenkiste and
                  Gamaleldin Fathy Elsayed and
                  Aravindh Mahendran and
                  Fisher Yu and
                  Avital Oliver and
                  Fantine Huot and
                  Jasmijn Bastings and
                  Mark Collier and
                  Alexey A. Gritsenko and
                  Vighnesh Birodkar and
                  Cristina Nader Vasconcelos and
                  Yi Tay and
                  Thomas Mensink and
                  Alexander Kolesnikov and
                  Filip Pavetic and
                  Dustin Tran and
                  Thomas Kipf and
                  Mario Lucic and
                  Xiaohua Zhai and
                  Daniel Keysers and
                  Jeremiah J. Harmsen and
                  Neil Houlsby},
  editor       = {Andreas Krause and
                  Emma Brunskill and
                  Kyunghyun Cho and
                  Barbara Engelhardt and
                  Sivan Sabato and
                  Jonathan Scarlett},
  title        = {Scaling Vision Transformers to 22 Billion Parameters},
  booktitle    = {International Conference on Machine Learning, {ICML} 2023, 23-29 July
                  2023, Honolulu, Hawaii, {USA}},
  series       = {Proceedings of Machine Learning Research},
  volume       = {202},
  pages        = {7480--7512},
  publisher    = {{PMLR}},
  year         = {2023},
  url          = {https://proceedings.mlr.press/v202/dehghani23a.html},
  timestamp    = {Mon, 18 Sep 2023 18:07:51 +0200},
  biburl       = {https://dblp.org/rec/conf/icml/0001DMPHGSCGAJB23.bib},
  bibsource    = {dblp computer science bibliography, https://dblp.org}
}

@article{DBLP:journals/corr/abs-2309-14322,
  author       = {Mitchell Wortsman and
                  Peter J. Liu and
                  Lechao Xiao and
                  Katie Everett and
                  Alex Alemi and
                  Ben Adlam and
                  John D. Co{-}Reyes and
                  Izzeddin Gur and
                  Abhishek Kumar and
                  Roman Novak and
                  Jeffrey Pennington and
                  Jascha Sohl{-}Dickstein and
                  Kelvin Xu and
                  Jaehoon Lee and
                  Justin Gilmer and
                  Simon Kornblith},
  title        = {Small-scale proxies for large-scale Transformer training instabilities},
  journal      = {CoRR},
  volume       = {abs/2309.14322},
  year         = {2023},
  url          = {https://doi.org/10.48550/arXiv.2309.14322},
  doi          = {10.48550/ARXIV.2309.14322},
  eprinttype    = {arXiv},
  eprint       = {2309.14322},
  timestamp    = {Thu, 04 Jan 2024 13:52:57 +0100},
  biburl       = {https://dblp.org/rec/journals/corr/abs-2309-14322.bib},
  bibsource    = {dblp computer science bibliography, https://dblp.org}
}

@article{vuckovic2020mathematical,
  title={A mathematical theory of attention},
  author={Vuckovic, James and Baratin, Aristide and Combes, Remi Tachet des},
  journal={arXiv preprint arXiv:2007.02876},
  year={2020}
}

@article{geshkovski2023emergence,
  title={The emergence of clusters in self-attention dynamics},
  author={Geshkovski, Borjan and Letrouit, Cyril and Polyanskiy, Yury and Rigollet, Philippe},
  journal={arXiv preprint arXiv:2305.05465},
  year={2023}
}

@inproceedings{kim2021lipschitz,
  title={The lipschitz constant of self-attention},
  author={Kim, Hyunjik and Papamakarios, George and Mnih, Andriy},
  booktitle={International Conference on Machine Learning},
  pages={5562--5571},
  year={2021},
  organization={PMLR}
}


%UAP
@inproceedings{HockeyStick,
  title={GENERALIZED HOCKEY STICK IDENTITIES AND $N$-DIMENSIONAL BLOCKWALKING},
  author={Charles H. Jones},
  year={1994},
  url={https://api.semanticscholar.org/CorpusID:2088017}
}

@misc{Yun_UAP,
      title={Are Transformers universal approximators of sequence-to-sequence functions?}, 
      author={Chulhee Yun and Srinadh Bhojanapalli and Ankit Singh Rawat and Sashank J. Reddi and Sanjiv Kumar},
      year={2020},
      eprint={1912.10077},
      archivePrefix={arXiv},
      primaryClass={cs.LG}
}

@software{together2023redpajama,
  author = {Together Computer},
  title = {RedPajama: An Open Source Recipe to Reproduce LLaMA training dataset},
  month = {April},
  year = 2023,
  url = {https://github.com/togethercomputer/RedPajama-Data}
}


@article{touvron2023llama,
  title={Llama 2: Open foundation and fine-tuned chat models},
  author={Touvron, Hugo and Martin, Louis and Stone, Kevin and Albert, Peter and Almahairi, Amjad and Babaei, Yasmine and Bashlykov, Nikolay and Batra, Soumya and Bhargava, Prajjwal and Bhosale, Shruti and others},
  journal={arXiv preprint arXiv:2307.09288},
  year={2023}
}

@misc{hurley2009comparing,
      title={Comparing Measures of Sparsity}, 
      author={Niall P. Hurley and Scott T. Rickard},
      year={2009},
      eprint={0811.4706},
      archivePrefix={arXiv},
      primaryClass={cs.IT}
}

@article{loshchilov2017decoupled,
  title={Decoupled weight decay regularization},
  author={Loshchilov, Ilya and Hutter, Frank},
  journal={arXiv preprint arXiv:1711.05101},
  year={2017}
}

@inproceedings{conformer,
  title={Conformer: Convolution-augmented Transformer for Speech Recognition},
  author={Gulati, Anmol and Qin, James and Chiu, Chung-Cheng and Parmar, Niki and Zhang, Yu and Yu, Jiahui and Han, Wei and Wang, Shibo and Zhang, Zhengdong and Wu, Yonghui and others},
  year={2020},
  booktitle={Proc. Interspeech},
}

@inproceedings{
synnaeve2019end,
title={End-to-End {ASR}: from Supervised to Semi-Supervised Learning with Modern Architectures},
author={Gabriel Synnaeve and Qiantong Xu and Jacob Kahn and Tatiana Likhomanenko and Edouard Grave and Vineel Pratap and Anuroop Sriram and Vitaliy Liptchinsky and Ronan Collobert},
booktitle={ICML 2020 Workshop on Self-supervision in Audio and Speech},
year={2020},
url={https://openreview.net/forum?id=OSVxDDc360z}
}

@inproceedings{hernandez2018ted,
  title={TED-LIUM 3: Twice as much data and corpus repartition for experiments on speaker adaptation},
  author={Hernandez, Fran{\c{c}}ois and Nguyen, Vincent and Ghannay, Sahar and Tomashenko, Natalia and Esteve, Yannick},
  booktitle={Speech and Computer: 20th International Conference, SPECOM 2018, Leipzig, Germany, September 18--22, 2018, Proceedings 20},
  pages={198--208},
  year={2018},
  organization={Springer}
}

@inproceedings{lee2022littlebird,
  title={LittleBird: Efficient Faster \& Longer Transformer for Question Answering},
  author={Lee, Minchul and Han, Kijong and Shin, Myeong Cheol},
  booktitle={Proceedings of the 2022 Conference on Empirical Methods in Natural Language Processing},
  pages={5261--5277},
  year={2022}
}
