@article{mate2024neural,
    author = {Mát{\'e}, Bálint and Fleuret, Fran{\c{c}}ois and Bereau, Tristan},
    title = {Neural Thermodynamic Integration: Free Energies from Energy-Based Diffusion Models},
    journal = {The Journal of Physical Chemistry Letters},
    volume = {15},
    number = {45},
    pages = {11395-11404},
    year = {2024},
    doi = {10.1021/acs.jpclett.4c01958},
    note ={PMID: 39503734},
    URL = {https://doi.org/10.1021/acs.jpclett.4c01958},
    eprint = {https://doi.org/10.1021/acs.jpclett.4c01958}
}

@inproceedings{schrodinger1932theorie,
  title={Sur la th{\'e}orie relativiste de l'{\'e}lectron et l'interpr{\'e}tation de la m{\'e}canique quantique},
  author={Schr{\"o}dinger, Erwin},
  booktitle={Annales de l'institut Henri Poincar{\'e}},
  volume={2},
  pages={269--310},
  year={1932}
}
@book{villani2009optimal,
  title={Optimal transport: old and new},
  author={Villani, C{\'e}dric and others},
  volume={338},
  year={2009},
  publisher={Springer}
}
@article{vincent2011connection,
  title={A connection between score matching and denoising autoencoders},
  author={Vincent, Pascal},
  journal={Neural computation},
  volume={23},
  number={7},
  pages={1661--1674},
  year={2011},
  publisher={MIT Press}
}
@article{de2024target,
  title={Target Score Matching},
  author={De Bortoli, Valentin and Hutchinson, Michael and Wirnsberger, Peter and Doucet, Arnaud},
  journal={arXiv preprint arXiv:2402.08667},
  year={2024}
}
@article{lipman2022flow,
  title={Flow matching for generative modeling},
  author={Lipman, Yaron and Chen, Ricky TQ and Ben-Hamu, Heli and Nickel, Maximilian and Le, Matt},
  journal={arXiv preprint arXiv:2210.02747},
  year={2022}
}

@article{mey2020best,
  title={Best practices for alchemical free energy calculations [article v1. 0]},
  author={Mey, Antonia SJS and Allen, Bryce K and Macdonald, Hannah E Bruce and Chodera, John D and Hahn, David F and Kuhn, Maximilian and Michel, Julien and Mobley, David L and Naden, Levi N and Prasad, Samarjeet and others},
  journal={Living journal of computational molecular science},
  volume={2},
  number={1},
  year={2020},
  publisher={NIH Public Access}
}

@misc{albergo2023buildingnormalizingflowsstochastic,
      title={Building Normalizing Flows with Stochastic Interpolants}, 
      author={Michael S. Albergo and Eric Vanden-Eijnden},
      year={2023},
      eprint={2209.15571},
      archivePrefix={arXiv},
      primaryClass={cs.LG},
      url={https://arxiv.org/abs/2209.15571}, 
}

@misc{albergo2023stochasticinterpolantsunifyingframework,
      title={Stochastic Interpolants: A Unifying Framework for Flows and Diffusions}, 
      author={Michael S. Albergo and Nicholas M. Boffi and Eric Vanden-Eijnden},
      year={2023},
      eprint={2303.08797},
      archivePrefix={arXiv},
      primaryClass={cs.LG},
      url={https://arxiv.org/abs/2303.08797}, 
}


@article{mate2023learning,
        title={Learning Interpolations between Boltzmann Densities},
        author={B{\'a}lint M{\'a}t{\'e} and Fran{\c{c}}ois Fleuret},
        journal={Transactions on Machine Learning Research},
        issn={2835-8856},
        year={2023},
        url={https://openreview.net/forum?id=TH6YrEcbth},
        note={}
}


@article{LorentzH.A.1881UdAd,
author = {Lorentz, H. A.},
address = {Leipzig},
issn = {0003-3804},
journal = {Annalen der Physik},
number = {1},
pages = {127-136},
publisher = {WILEY-VCH Verlag},
title = {Ueber die Anwendung des Satzes vom Virial in der kinetischen Theorie der Gase},
volume = {248},
year = {1881},
}


@article{berthelot1898melange,
  title={Sur le m{\'e}lange des gaz},
  author={Berthelot, Daniel},
  journal={Compt. Rendus},
  volume={126},
  number={3},
  pages={15},
  year={1898}
}


@article{BEUTLER1994529,
title = {Avoiding singularities and numerical instabilities in free energy calculations based on molecular simulations},
journal = {J. Chem. Phys. Lett.},
volume = {222},
number = {6},
pages = {529-539},
year = {1994},
issn = {0009-2614},
doi = {https://doi.org/10.1016/0009-2614(94)00397-1},
url = {https://www.sciencedirect.com/science/article/pii/0009261494003971},
author = {Thomas C. Beutler and Alan E. Mark and René C. {van Schaik} and Paul R. Gerber and Wilfred F. {van Gunsteren}},
abstract = {A simple, general and numerically stable approach for avoiding the singularities which generally occur when atoms or interaction sites are created or annihilated in free energy calculations based on computer simulations is presented. The origin of such singularities and numerical instabilities occurring in Monte Carlo or molecular dynamics simulations is discussed, as is the limited accuracy of the techniques currently used to avoid such difficulties.}
}


@article{mobley2017predicting,
  title={Predicting binding free energies: frontiers and benchmarks},
  author={Mobley, David L and Gilson, Michael K},
  journal={Annu. Rev. Biophys.},
  volume={46},
  pages={531--558},
  year={2017},
  publisher={Annual Reviews}
}


@article{jorgensen1989free,
  title={Free energy of TIP4P water and the free energies of hydration of CH4 and Cl-from statistical perturbation theory},
  author={Jorgensen, William L and Blake, James F and Buckner, J Kathleen},
  journal={Chemical physics},
  volume={129},
  number={2},
  pages={193--200},
  year={1989},
  publisher={Elsevier}
}

@article{de2022riemannian,
  title={Riemannian score-based generative modelling},
  author={De Bortoli, Valentin and Mathieu, Emile and Hutchinson, Michael and Thornton, James and Teh, Yee Whye and Doucet, Arnaud},
  journal={Advances in Neural Information Processing Systems},
  volume={35},
  pages={2406--2422},
  year={2022}
}

@article{mobley2009small,
  title={Small molecule hydration free energies in explicit solvent: an extensive test of fixed-charge atomistic simulations},
  author={Mobley, David L and Bayly, Christopher I and Cooper, Matthew D and Shirts, Michael R and Dill, Ken A},
  journal={Journal of chemical theory and computation},
  volume={5},
  number={2},
  pages={350--358},
  year={2009},
  publisher={ACS Publications}
}

@article{wirnsberger2020targeted,
  title={Targeted free energy estimation via learned mappings},
  author={Wirnsberger, Peter and Ballard, Andrew J and Papamakarios, George and Abercrombie, Stuart and Racani{\`e}re, S{\'e}bastien and Pritzel, Alexander and Jimenez Rezende, Danilo and Blundell, Charles},
  journal={The Journal of Chemical Physics},
  volume={153},
  number={14},
  year={2020},
  publisher={AIP Publishing}
}
@article{invernizzi2022skipping,
  title={Skipping the replica exchange ladder with normalizing flows},
  author={Invernizzi, Michele and Krämer, Andreas and Clementi, Cecilia and No{\'e}, Frank},
  journal={The Journal of Physical Chemistry Letters},
  volume={13},
  number={50},
  pages={11643--11649},
  year={2022},
  publisher={ACS Publications}
}

@article{tironi1995generalized,
  title={A generalized reaction field method for molecular dynamics simulations},
  author={Tironi, Ilario G and Sperb, Ren{\'e} and Smith, Paul E and van Gunsteren, Wilfred F},
  journal={The Journal of chemical physics},
  volume={102},
  number={13},
  pages={5451--5459},
  year={1995},
  publisher={American Institute of Physics}
}
@article{mackerell1998all,
  title={All-atom empirical potential for molecular modeling and dynamics studies of proteins},
  author={MacKerell Jr, Alex D and Bashford, Donald and Bellott, MLDR and Dunbrack Jr, Roland Leslie and Evanseck, Jeffrey D and Field, Martin J and Fischer, Stefan and Gao, Jiali and Guo, H and Ha, Sookhee and others},
  journal={The journal of physical chemistry B},
  volume={102},
  number={18},
  pages={3586--3616},
  year={1998},
  publisher={ACS Publications}
}
@article{jorgensen1983comparison,
  title={Comparison of simple potential functions for simulating liquid water},
  author={Jorgensen, William L and Chandrasekhar, Jayaraman and Madura, Jeffry D and Impey, Roger W and Klein, Michael L},
  journal={The Journal of chemical physics},
  volume={79},
  number={2},
  pages={926--935},
  year={1983},
  publisher={American Institute of Physics}
}

@article{song2019generative,
  title={Generative modeling by estimating gradients of the data distribution},
  author={Song, Yang and Ermon, Stefano},
  journal={Advances in neural information processing systems},
  volume={32},
  year={2019}
}

@inproceedings{gutmann2010noise,
  title={Noise-contrastive estimation: A new estimation principle for unnormalized statistical models},
  author={Gutmann, Michael and Hyv{\"a}rinen, Aapo},
  booktitle={Proceedings of the thirteenth international conference on artificial intelligence and statistics},
  pages={297--304},
  year={2010},
  organization={JMLR Workshop and Conference Proceedings}
}

@article{noe2019boltzmann,
  title={Boltzmann generators: Sampling equilibrium states of many-body systems with deep learning},
  author={No{\'e}, Frank and Olsson, Simon and K{\"o}hler, Jonas and Wu, Hao},
  journal={Science},
  volume={365},
  number={6457},
  pages={eaaw1147},
  year={2019},
  publisher={American Association for the Advancement of Science}
}

@article{gao2006mechanisms,
  title={Mechanisms and free energies of enzymatic reactions},
  author={Gao, Jiali and Ma, Shuhua and Major, Dan T and Nam, Kwangho and Pu, Jingzhi and Truhlar, Donald G},
  journal={Chem. Rev.},
  volume={106},
  number={8},
  pages={3188--3209},
  year={2006},
  publisher={ACS Publications}
}

@article{agarwal2021free,
  title={Free energies of proton-coupled electron transfer reagents and their applications},
  author={Agarwal, Rishi G and Coste, Scott C and Groff, Benjamin D and Heuer, Abigail M and Noh, Hyunho and Parada, Giovanny A and Wise, Catherine F and Nichols, Eva M and Warren, Jeffrey J and Mayer, James M},
  journal={Chem. Rev.},
  volume={122},
  number={1},
  pages={1--49},
  year={2021},
  publisher={ACS Publications}
}

@misc{tong_conditional_2023,
 author = {Tong, Alexander and Malkin, Nikolay and Huguet, Guillaume and Zhang, Yanlei and Rector-Brooks, Jarrid and Fatras, Kilian and Wolf, Guy and Bengio, Yoshua},
 eprint = {2302.00482},
 number = {arXiv:2302.00482},
 publisher = {arXiv},
 shorttitle = {Conditional Flow Matching},
 title = {Improving and Generalizing Flow-Based Generative Models with Minibatch Optimal Transport},
 urldate = {2023-02-03},
 year = {2023}
}


@article{kirkwood1935statistical,
  title={Statistical mechanics of fluid mixtures},
  author={Kirkwood, John G},
  journal={The Journal of chemical physics},
  volume={3},
  number={5},
  pages={300--313},
  year={1935},
  publisher={AIP Publishing}
}

@article{straatsma1988free,
  title={Free energy of ionic hydration: Analysis of a thermodynamic integration technique to evaluate free energy differences by molecular dynamics simulations},
  author={Straatsma, TP and Berendsen, HJC},
  journal={The Journal of chemical physics},
  volume={89},
  number={9},
  pages={5876--5886},
  year={1988},
  publisher={AIP Publishing}
}

@article{mezei1987finite,
  title={The finite difference thermodynamic integration, tested on calculating the hydration free energy difference between acetone and dimethylamine in water},
  author={Mezei, M},
  journal={The Journal of chemical physics},
  volume={86},
  number={12},
  pages={7084--7088},
  year={1987},
  publisher={AIP Publishing}
}

@article{martins2014prediction,
  title={Prediction of solvation free energies with thermodynamic integration using the general amber force field},
  author={Martins, Silvia A and Sousa, Sergio F and Ramos, Maria Joao and Fernandes, Pedro A},
  journal={Journal of Chemical Theory and Computation},
  volume={10},
  number={8},
  pages={3570--3577},
  year={2014},
  publisher={ACS Publications}
}

@article{helms1997free,
  title={Free energies of hydration from thermodynamic integration: Comparison of molecular mechanics force fields and evaluation of calculation accuracy},
  author={Helms, Volkhard and Wade, Rebecca C},
  journal={Journal of computational chemistry},
  volume={18},
  number={4},
  pages={449--462},
  year={1997},
  publisher={Wiley Online Library}
}

@article{bennett2020predicting,
  title={Predicting small molecule transfer free energies by combining molecular dynamics simulations and deep learning},
  author={Bennett, WF Drew and He, Stewart and Bilodeau, Camille L and Jones, Derek and Sun, Delin and Kim, Hyojin and Allen, Jonathan E and Lightstone, Felice C and Ing{\'o}lfsson, Helgi I},
  journal={Journal of Chemical Information and Modeling},
  volume={60},
  number={11},
  pages={5375--5381},
  year={2020},
  publisher={ACS Publications}
}

@article{rauer2020hydration,
  title={Hydration free energies from kernel-based machine learning: Compound-database bias},
  author={Rauer, Clemens and Bereau, Tristan},
  journal={The Journal of chemical physics},
  volume={153},
  number={1},
  year={2020},
  publisher={AIP Publishing}
}

@article{deng2009computations,
  title={Computations of standard binding free energies with molecular dynamics simulations},
  author={Deng, Yuqing and Roux, Beno{\^\i}t},
  journal={The Journal of Physical Chemistry B},
  volume={113},
  number={8},
  pages={2234--2246},
  year={2009},
  publisher={ACS Publications}
}

@article{martin1997predicting,
  title={Predicting multicomponent phase equilibria and free energies of transfer for alkanes by molecular simulation},
  author={Martin, Marcus G and Siepmann, J Ilja},
  journal={Journal of the American Chemical Society},
  volume={119},
  number={38},
  pages={8921--8924},
  year={1997},
  publisher={ACS Publications}
}

@article{beveridge1989free,
  title={Free energy via molecular simulation: applications to chemical and biomolecular systems},
  author={Beveridge, David L and Dicapua, Frank M},
  journal={Annual review of biophysics and biophysical chemistry},
  volume={18},
  number={1},
  pages={431--492},
  year={1989}
}

@article{leroy2009interfacial,
  title={Interfacial excess free energies of solid--liquid interfaces by molecular dynamics simulation and thermodynamic integration},
  author={Leroy, Fr{\'e}d{\'e}ric and Dos Santos, Daniel JVA and M{\"u}ller-Plathe, Florian},
  journal={Macromolecular rapid communications},
  volume={30},
  number={9-10},
  pages={864--870},
  year={2009},
  publisher={Wiley Online Library}
}

@article{de2011free,
  title={Free energy calculations of protein--ligand interactions},
  author={de Ruiter, Anita and Oostenbrink, Chris},
  journal={Current opinion in chemical biology},
  volume={15},
  number={4},
  pages={547--552},
  year={2011},
  publisher={Elsevier}
}

@article{perozzo2004thermodynamics,
  title={Thermodynamics of protein--ligand interactions: history, presence, and future aspects},
  author={Perozzo, Remo and Folkers, Gerd and Scapozza, Leonardo},
  journal={Journal of Receptors and Signal Transduction},
  volume={24},
  number={1-2},
  pages={1--52},
  year={2004},
  publisher={Taylor \& Francis}
}

@article{brandsdal2003free,
  title={Free energy calculations and ligand binding},
  author={Brandsdal, Bj{\o}rn O and {\"O}sterberg, Fredrik and Alml{\"o}f, Martin and Feierberg, Isabella and Luzhkov, Victor B and {\AA}qvist, Johan},
  journal={Advances in protein chemistry},
  volume={66},
  pages={123--158},
  year={2003},
  publisher={Elsevier}
}

@article{weinreich2021machine,
  title={Machine learning of free energies in chemical compound space using ensemble representations: Reaching experimental uncertainty for solvation},
  author={Weinreich, Jan and Browning, Nicholas J and von Lilienfeld, O Anatole},
  journal={The Journal of Chemical Physics},
  volume={154},
  number={13},
  year={2021},
  publisher={AIP Publishing}
}

@article{riniker2017molecular,
  title={Molecular dynamics fingerprints (MDFP): machine learning from MD data to predict free-energy differences},
  author={Riniker, Sereina},
  journal={Journal of chemical information and modeling},
  volume={57},
  number={4},
  pages={726--741},
  year={2017},
  publisher={ACS Publications}
}

@article{scheen2020hybrid,
  title={Hybrid alchemical free energy/machine-learning methodology for the computation of hydration free energies},
  author={Scheen, Jenke and Wu, Wilson and Mey, Antonia SJS and Tosco, Paolo and Mackey, Mark and Michel, Julien},
  journal={Journal of Chemical Information and Modeling},
  volume={60},
  number={11},
  pages={5331--5339},
  year={2020},
  publisher={ACS Publications}
}
