% HEP
@book{berger2012panoramic,
  title={A panoramic view of {R}iemannian geometry},
  author={Berger, Marcel},
  year={2012},
  publisher={Springer}
}

@book{gromov1981structures,
  title={Structures m{\'e}triques pour les vari{\'e}t{\'e}s riemanniennes},
  author={Gromov, Mikhael},
  year={1981},
  publisher={Cedic},  
}


@article{nash1971imbedding,
  title={The imbedding problem for {R}iemannian manifolds},
  author={Nash, John},
  journal={Annals of Mathematics},
  volume={63},
  number={1},
  pages={20-–63},
  year={1956},
}


@article{anderson1972more,
  title={More is different},
  author={Anderson, Philip W},
  journal={Science},
  volume={177},
  number={4047},
  pages={393--396},
  year={1972},
}

@article{maxwell1865viii,
  title={A dynamical theory of the electromagnetic field},
  author={Maxwell, James Clerk},
  journal={Philosophical Transactions of the Royal Society of London},
  number={155},
  pages={459--512},
  year={1865},
}

@article{riesenhuber1999hierarchical,
  title={Hierarchical models of object recognition in cortex},
  author={Riesenhuber, Maximilian and Poggio, Tomaso},
  journal={Nature neuroscience},
  volume={2},
  number={11},
  pages={1019--1025},
  year={1999},
  publisher={Nature Publishing Group}
}

@article{serre2007feedforward,
  title={A feedforward architecture accounts for rapid categorization},
  author={Serre, Thomas and Oliva, Aude and Poggio, Tomaso},
  journal={Proceedings of the national academy of sciences},
  volume={104},
  number={15},
  pages={6424--6429},
  year={2007},
  publisher={National Acad Sciences}
}

@article{bruna2013invariant,
  title={Invariant scattering convolution networks},
  author={Bruna, Joan and Mallat, St{\'e}phane},
  journal={IEEE transactions on pattern analysis and machine intelligence},
  volume={35},
  number={8},
  pages={1872--1886},
  year={2013},
  publisher={IEEE}
}

@article{gatys2015texture,
  title={Texture synthesis using convolutional neural networks},
  author={Gatys, Leon A and Ecker, Alexander S and Bethge, Matthias},
  journal={arXiv preprint arXiv:1505.07376},
  year={2015}
}

@article{portilla2000parametric,
  title={A parametric texture model based on joint statistics of complex wavelet coefficients},
  author={Portilla, Javier and Simoncelli, Eero P},
  journal={International journal of computer vision},
  volume={40},
  number={1},
  pages={49--70},
  year={2000},
  publisher={Springer}
}

@inproceedings{simoncelli1995steerable,
  title={The steerable pyramid: A flexible architecture for multi-scale derivative computation},
  author={Simoncelli, Eero P and Freeman, William T},
  booktitle={Proceedings., International Conference on Image Processing},
  volume={3},
  pages={444--447},
  year={1995},
  organization={IEEE}
}

@article{yang1954conservation,
  title={Conservation of isotopic spin and isotopic gauge invariance},
  author={Yang, Chen-Ning and Mills, Robert L},
  journal={Physical Review},
  volume={96},
  number={1},
  pages={191},
  year={1954},
}

@inproceedings{gama2019diffusion,
  title={Diffusion Scattering Transforms on Graphs},
  author={Gama, Fernando and Ribeiro, Alejandro and Bruna, Joan},
  booktitle={ICLR},
  year={2019}
}

@article{weyl1929elektron,
  title={Elektron und gravitation. I},
  author={Weyl, Hermann},
  journal={Zeitschrift f{\"u}r Physik},
  volume={56},
  number={5-6},
  pages={330--352},
  year={1929},
}

@incollection{variationsprobleme1918nachr,
  title={Invariante Variationsprobleme},
  author={Emmy Noether},
  booktitle={K{\"o}nig Gesellsch. d. Wiss. zu G{\"o}ttingen, Math-Phys. Klassc},
  pages={235--257},
  year={1918}
}




@article{shlomi2020graph,
  title={Graph neural networks in particle physics},
  author={Shlomi, Jonathan and Battaglia, Peter and Vlimant, Jean-Roch},
  journal={Machine Learning: Science and Technology},
  volume={2},
  number={2},
  pages={021001},
  year={2020},
}

@article{sanchez2019hamiltonian,
  title={Hamiltonian graph networks with {ODE} integrators},
  author={Sanchez-Gonzalez, Alvaro and Bapst, Victor and Cranmer, Kyle and Battaglia, Peter},
  journal={arXiv:1909.12790},
  year={2019}
}

@article{cranmer2020lagrangian,
  title={Lagrangian neural networks},
  author={Cranmer, Miles and Greydanus, Sam and Hoyer, Stephan and Battaglia, Peter and Spergel, David and Ho, Shirley},
  journal={arXiv:2003.04630},
  year={2020}
}

@article{cranmer2019learning,
  title={Learning symbolic physics with graph networks},
  author={Cranmer, Miles D and Xu, Rui and Battaglia, Peter and Ho, Shirley},
  journal={arXiv:1909.05862},
  year={2019}
}

@article{henrion2017neural,
  title={Neural message passing for jet physics},
  author={Henrion, Isaac and Brehmer, Johann and Bruna, Joan and Cho, Kyunghyun and Cranmer, Kyle and Louppe, Gilles and Rochette, Gaspar},
  year={2017}
}

@article{qu1902particlenet,
  title={ParticleNet: jet tagging via particle clouds},
  author={Qu, H and Gouskos, L},
  journal={arXiv:1902.08570},
  year={2019}  
}

@inproceedings{choma2018graph,
  title={Graph neural networks for icecube signal classification},
  author={Choma, Nicholas and Monti, Federico and Gerhardt, Lisa and Palczewski, Tomasz and Ronaghi, Zahra and Prabhat, Prabhat and Bhimji, Wahid and Bronstein, Michael M and Klein, Spencer R and Bruna, Joan},
  booktitle={ICMLA},
  year={2018},
}


@article{komiske2019energy,
  title={Energy flow networks: deep sets for particle jets},
  author={Komiske, Patrick T and Metodiev, Eric M and Thaler, Jesse},
  journal={Journal of High Energy Physics},
  volume={2019},
  number={1},
  pages={121},
  year={2019},
}


@inproceedings{bogatskiy2020lorentz,
  title={Lorentz group equivariant neural network for particle physics},
  author={Bogatskiy, Alexander and Anderson, Brandon and Offermann, Jan and Roussi, Marwah and Miller, David and Kondor, Risi},
  booktitle={ICML},
  year={2020},
}


@inproceedings{sverrisson2020fast,
  title={Fast end-to-end learning on protein surfaces},
  author={Sverrisson, Freyr and Feydy, Jean and Correia, Bruno and Bronstein, Michael},
  booktitle={CVPR},
  year={2021},
}



@book{mallat1999wavelet,
  title={A wavelet tour of signal processing},
  author={Mallat, St{\'e}phane},
  year={1999},
  publisher={Elsevier}
}

@article{scaife2021fanaroff,
  title={{Fanaroff-Riley} classification of radio galaxies using group-equivariant convolutional neural networks},
  author={Scaife, Anna MM and Porter, Fiona},
  journal={Monthly Notices of the Royal Astronomical Society},
  year={2021}
}

@article{mcewen2021scattering,
  title={Scattering Networks on the Sphere for Scalable and Rotationally Equivariant Spherical CNNs},
  author={McEwen, Jason D and Wallis, Christopher GR and Mavor-Parker, Augustine N},
  journal={arXiv:2102.02828},
  year={2021}
}

% geometry

@article{connelly1977counterexample,
  title={A counterexample to the rigidity conjecture for polyhedra},
  author={Connelly, Robert},
  journal={Publications Math{\'e}matiques de l'IH{\'E}S},
  volume={47},
  pages={333--338},
  year={1977}
}

@article{bricard1897memoire,
  title={M{\'e}moire sur la th{\'e}orie de l'octa{\`e}dre articul{\'e}},
  author={Bricard, Raoul},
  journal={Journal de Math{\'e}matiques Pures et Appliqu{\'e}es},
  volume={3},
  pages={113--148},
  year={1897}
}

@article{cauchy1813recherche,
  title={Recherche sur les poly{\`e}dres--premier m{\'e}moire},
  author={Cauchy, Augustin-Louis},
  journal={Journal de l'Ecole Polytechnique},
  volume={9},
  pages={66--86},
  year={1813}
}

@incollection{meyer2003discrete,
  title={Discrete differential-geometry operators for triangulated 2-manifolds},
  author={Meyer, Mark and Desbrun, Mathieu and Schr{\"o}der, Peter and Barr, Alan H},
  booktitle={Visualization and Mathematics III},
  pages={35--57},
  year={2003},
}

@article{pinkall1993computing,
  title={Computing discrete minimal surfaces and their conjugates},
  author={Pinkall, Ulrich and Polthier, Konrad},
  journal={Experimental Mathematics},
  volume={2},
  number={1},
  pages={15--36},
  year={1993},
}


@inproceedings{wardetzky2007discrete,
  title={Discrete {L}aplace operators: no free lunch},
  author={Wardetzky, Max and Mathur, Saurabh and K{\"a}lberer, Felix and Grinspun, Eitan},
  booktitle={Symposium on Geometry Processing},
  year={2007},
}

@article{wardetzky2008convergence,
  title={Convergence of the cotangent formula: An overview},
  author={Wardetzky, Max},
  journal={Discrete Differential Geometry},
  pages={275--286},
  year={2008},
}


%medical

@article{winkels2019pulmonary,
  title={Pulmonary nodule detection in CT scans with equivariant CNNs},
  author={Winkels, Marysia and Cohen, Taco S},
  journal={Medical Image Analysis},
  volume={55},
  pages={15--26},
  year={2019},
}

@article{parisot2018disease,
  title={Disease prediction using graph convolutional networks: application to autism spectrum disorder and Alzheimer’s disease},
  author={Parisot, Sarah and Ktena, Sofia Ira and Ferrante, Enzo and Lee, Matthew and Guerrero, Ricardo and Glocker, Ben and Rueckert, Daniel},
  journal={Medical Image Analysis},
  volume={48},
  pages={117--130},
  year={2018},
}

@inproceedings{cosmo2020latent,
  title={Latent-Graph Learning for Disease Prediction},
  author={Cosmo, Luca and Kazi, Anees and Ahmadi, Seyed-Ahmad and Navab, Nassir and Bronstein, Michael},
  booktitle={MICCAI},
  year={2020},
}


@article{gligorijevic2020structure,
  title={Structure-based function prediction using graph convolutional networks},
  author={Gligorijevic, Vladimir and Renfrew, P Douglas and Kosciolek, Tomasz and Leman, Julia Koehler and Berenberg, Daniel and Vatanen, Tommi and Chandler, Chris and Taylor, Bryn C and Fisk, Ian M and Vlamakis, Hera and others},
  journal={bioRxiv:786236},
  year={2020},
}



@article{senior2020improved,
  title={Improved protein structure prediction using potentials from deep learning},
  author={Senior, Andrew W and Evans, Richard and Jumper, John and Kirkpatrick, James and Sifre, Laurent and Green, Tim and Qin, Chongli and {\v{Z}}{\'\i}dek, Augustin and Nelson, Alexander WR and Bridgland, Alex and others},
  journal={Nature},
  volume={577},
  number={7792},
  pages={706--710},
  year={2020},
}



%chemistry

@article{barabasi2011network,
  title={Network medicine: a network-based approach to human disease},
  author={Barab{\'a}si, Albert-L{\'a}szl{\'o} and Gulbahce, Natali and Loscalzo, Joseph},
  journal={Nature Reviews Genetics},
  volume={12},
  number={1},
  pages={56--68},
  year={2011},
}

@article{veselkov2019hyperfoods,
  title={HyperFoods: Machine intelligent mapping of cancer-beating molecules in foods},
  author={Veselkov, Kirill and Gonzalez, Guadalupe and Aljifri, Shahad and Galea, Dieter and Mirnezami, Reza and Youssef, Jozef and Bronstein, Michael and Laponogov, Ivan},
  journal={Scientific Reports},
  volume={9},
  number={1},
  pages={1--12},
  year={2019},
}

@inproceedings{gers2000recurrent,
  title={Recurrent nets that time and count},
  author={Gers, Felix A and Schmidhuber, J{\"u}rgen},
  booktitle={IJCNN},
  year={2000},
}

@inproceedings{jozefowicz2015empirical,
  title={An empirical exploration of recurrent network architectures},
  author={Jozefowicz, Rafal and Zaremba, Wojciech and Sutskever, Ilya},
  booktitle={ICML},
  year={2015},
}


@article{zitnik2018modeling,
  title={Modeling polypharmacy side effects with graph convolutional networks},
  author={Zitnik, Marinka and Agrawal, Monica and Leskovec, Jure},
  journal={Bioinformatics},
  volume={34},
  number={13},
  pages={i457--i466},
  year={2018},
}


@article{gaudelet2020utilising,
  title={Utilising Graph Machine Learning within Drug Discovery and Development},
  author={Gaudelet, Thomas and Day, Ben and Jamasb, Arian R and Soman, Jyothish and Regep, Cristian and Liu, Gertrude and Hayter, Jeremy BR and Vickers, Richard and Roberts, Charles and Tang, Jian and others},
  journal={arXiv:2012.05716},
  year={2020}
}


@article{anderson2019cormorant,
  title={Cormorant: Covariant molecular neural networks},
  author={Anderson, Brandon and Hy, Truong-Son and Kondor, Risi},
  journal={arXiv:1906.04015},
  year={2019}
}


@article{thomas2018tensor,
  title={Tensor field networks: Rotation-and translation-equivariant neural networks for {3D} point clouds},
  author={Thomas, Nathaniel and Smidt, Tess and Kearnes, Steven and Yang, Lusann and Li, Li and Kohlhoff, Kai and Riley, Patrick},
  journal={arXiv:1802.08219},
  year={2018}
}

@article{fuchs2020se,
  title={{SE}(3)-transformers: {3D} roto-translation equivariant attention networks},
  author={Fuchs, Fabian B and Worrall, Daniel E and Fischer, Volker and Welling, Max},
  journal={arXiv:2006.10503},
  year={2020}
}

@article{satorras2021n,
  title={{E}(n) Equivariant Graph Neural Networks},
  author={Satorras, Victor Garcia and Hoogeboom, Emiel and Welling, Max},
  journal={arXiv:2102.09844},
  year={2021}
}




%UA

@article{cybenko1989approximation,
  title={Approximation by superpositions of a sigmoidal function},
  author={Cybenko, George},
  journal={Mathematics of Control, Signals and Systems},
  volume={2},
  number={4},
  pages={303--314},
  year={1989},
}

@article{hornik1991approximation,
  title={Approximation capabilities of multilayer feedforward networks},
  author={Hornik, Kurt},
  journal={Neural Networks},
  volume={4},
  number={2},
  pages={251--257},
  year={1991},
}

@article{barron1993universal,
  title={Universal approximation bounds for superpositions of a sigmoidal function},
  author={Barron, Andrew R},
  journal={IEEE Trans. Information Theory},
  volume={39},
  number={3},
  pages={930--945},
  year={1993},
}

@article{leshno1993multilayer,
  title={Multilayer feedforward networks with a nonpolynomial activation function can approximate any function},
  author={Leshno, Moshe and Lin, Vladimir Ya and Pinkus, Allan and Schocken, Shimon},
  journal={Neural Networks},
  volume={6},
  number={6},
  pages={861--867},
  year={1993},
}

@article{mallat2012group,
	Author = {Mallat, St{\'e}phane},
	Journal = {Communications on Pure and Applied Mathematics},
	Number = {10},
	Pages = {1331--1398},
	Title = {Group Invariant Scattering},
	Volume = {65},
	Year = {2012}}
	
@article{bach2017breaking,
	Author = {Bach, Francis},
	Journal = {JMLR},
	Number = {1},
	Pages = {629--681},
	Title = {Breaking the curse of dimensionality with convex neural networks},
	Volume = {18},
	Year = {2017}}
	
@book{tsybakov2008introduction,
  title={Introduction to nonparametric estimation},
  author={Tsybakov, Alexandre B},
  year={2008},
  publisher={Springer}
}



@article{bamieh2018discovering,
  title={Discovering Transforms: A Tutorial on Circulant Matrices, Circular Convolution, and the Discrete Fourier Transform},
  author={Bamieh, Bassam},
  journal={arXiv:1805.05533},
  year={2018}
}



@inproceedings{melzi2019gframes,
  title={Gframes: Gradient-based local reference frame for 3d shape matching},
  author={Melzi, Simone and Spezialetti, Riccardo and Tombari, Federico and Bronstein, Michael M and Stefano, Luigi Di and Rodol{\`a}, Emanuele},
  booktitle={CVPR},
  year={2019}
}


@inproceedings{gunasekar2017implicit,
  title={Implicit regularization in matrix factorization},
  author={Gunasekar, Suriya and Woodworth, Blake E and Bhojanapalli, Srinadh and Neyshabur, Behnam and Srebro, Nati},
  booktitle={NIPS},
  year={2017}
}

@article{von2004distance,
  title={Distance-Based Classification with Lipschitz Functions.},
  author={von Luxburg, Ulrike and Bousquet, Olivier},
  journal={JMLR},
  volume={5},
  pages={669--695},
  year={2004}
}

@article{shamir2020implicit,
  title={Implicit Regularization in ReLU Networks with the Square Loss},
  author={Shamir, Ohad and Vardi, Gal},
  journal={arXiv:2012.05156},
  year={2020}
}

@inproceedings{blanc2020implicit,
  title={Implicit regularization for deep neural networks driven by an ornstein-uhlenbeck like process},
  author={Blanc, Guy and Gupta, Neha and Valiant, Gregory and Valiant, Paul},
  booktitle={COLT},
  year={2020},
}


@inproceedings{eldan2016power,
	Author = {Eldan, Ronen and Shamir, Ohad},
	Booktitle = {COLT},
	Title = {The power of depth for feedforward neural networks},
	Year = {2016}}

@article{razin2020implicit,
  title={Implicit regularization in deep learning may not be explainable by norms},
  author={Razin, Noam and Cohen, Nadav},
  journal={arXiv:2005.06398},
  year={2020}
}

@article{maiorov2000near,
  title={On the near optimality of the stochastic approximation of smooth functions by neural networks},
  author={Maiorov, Vitaly E and Meir, Ron},
  journal={Advances in Computational Mathematics},
  volume={13},
  number={1},
  pages={79--103},
  year={2000},
  publisher={Springer}
}

@article{pinkus1999approximation,
  title={Approximation theory of the MLP model in neural networks},
  author={Pinkus, Allan},
  journal={Acta Numerica},
  volume={8},
  pages={143--195},
  year={1999},
}

@article{maiorov1999best,
  title={On best approximation by ridge functions},
  author={Maiorov, VE},
  journal={Journal of Approximation Theory},
  volume={99},
  number={1},
  pages={68--94},
  year={1999},
}




% biology

@article{gainza2020deciphering,
  title={Deciphering interaction fingerprints from protein molecular surfaces using geometric deep learning},
  author={Gainza, Pablo and Sverrisson, Freyr and Monti, Frederico and Rodola, Emanuele and Boscaini, D and Bronstein, MM and Correia, BE},
  journal={Nature Methods},
  volume={17},
  number={2},
  pages={184--192},
  year={2020},
}


% graphics

@inproceedings{kulon2020weakly,
  title={Weakly-supervised mesh-convolutional hand reconstruction in the wild},
  author={Kulon, Dominik and Guler, Riza Alp and Kokkinos, Iasonas and Bronstein, Michael M and Zafeiriou, Stefanos},
  booktitle={CVPR},
  year={2020}
}

@inproceedings{bouritsas2019neural,
  title={Neural 3D morphable models: Spiral convolutional networks for 3d shape representation learning and generation},
  author={Bouritsas, Giorgos and Bokhnyak, Sergiy and Ploumpis, Stylianos and Bronstein, Michael and Zafeiriou, Stefanos},
  booktitle={CVPR},
  year={2019}
}

@inproceedings{ranjan2018generating,
  title={Generating {3D} faces using convolutional mesh autoencoders},
  author={Ranjan, Anurag and Bolkart, Timo and Sanyal, Soubhik and Black, Michael J},
  booktitle={ECCV},
  year={2018}
}

@inproceedings{litany2018deformable,
  title={Deformable shape completion with graph convolutional autoencoders},
  author={Litany, Or and Bronstein, Alex and Bronstein, Michael and Makadia, Ameesh},
  booktitle={CVPR},
  year={2018}
}


@article{poulenard2018multi,
  title={Multi-directional geodesic neural networks via equivariant convolution},
  author={Poulenard, Adrien and Ovsjanikov, Maks},
  journal={ACM Trans. Graphics},
  volume={37},
  number={6},
  pages={1--14},
  year={2018},
}



% historical

@book{penrose2005road,
  title={The road to reality: A complete guide to the laws of the universe},
  author={Penrose, Roger},
  year={2005},
  publisher={Random House}
}

@article{quigg2019colloquium,
  title={Colloquium: A Century of {N}oether's Theorem},
  author={Quigg, Chris},
  journal={arXiv:1902.01989},
  year={2019}
}

@article{straumann1996early,
  title={Early history of gauge theories and weak interactions},
  author={Straumann, Norbert},
  journal={hep-ph/9609230},
  year={1996}
}

@incollection{tobies2019felix,
  title={Felix {K}lein—-Mathematician, Academic Organizer, Educational Reformer},
  author={Tobies, Renate},
  booktitle={The Legacy of Felix Klein},
  pages={5--21},
  year={2019},
  publisher={Springer}
}


@book{helvetius1759esprit,
  title={De l'esprit},
  author={Helv{\'e}tius, Claude Adrien},
  year={1759},
  publisher={Durand}
}


@incollection{marquis2009category,
  title={Category Theory and Klein’s Erlangen Program},
  author={Marquis, Jean-Pierre},
  booktitle={From a Geometrical Point of View},
  pages={9--40},
  year={2009},
  publisher={Springer}
}

@book{weyl2015symmetry,
  title={Symmetry},
  author={Weyl, Hermann},
  year={2015},
  publisher={Princeton University Press}
}

@article{ball2011retrospect,
  title={In retrospect: On the six-cornered snowflake},
  author={Ball, Philip},
  journal={Nature},
  volume={480},
  number={7378},
  pages={455--455},
  year={2011},
}







@article{shuman2013emerging,
  title={The emerging field of signal processing on graphs: Extending high-dimensional data analysis to networks and other irregular domains},
  author={Shuman, David I and Narang, Sunil K and Frossard, Pascal and Ortega, Antonio and Vandergheynst, Pierre},
  journal={IEEE Signal Processing Magazine},
  volume={30},
  number={3},
  pages={83--98},
  year={2013},
}

@article{sandryhaila2013discrete,
  title={Discrete signal processing on graphs},
  author={Sandryhaila, Aliaksei and Moura, Jos{\'e} MF},
  journal={IEEE Trans. Signal Processing},
  volume={61},
  number={7},
  pages={1644--1656},
  year={2013},
}

@inproceedings{bruna2013spectral,
  title={Spectral networks and locally connected networks on graphs},
  author={Bruna, Joan and Zaremba, Wojciech and Szlam, Arthur and LeCun, Yann},
  booktitle={ICLR},
  year={2013}
}


@phdthesis{macneal1949solution,
  title={The solution of partial differential equations by means of electrical networks},
  author={MacNeal, Richard H},
  year={1949},
  school={California Institute of Technology}
}

@inproceedings{wang2019learning,
  title={Learning geometric operators on meshes},
  author={Wang, Yu and Kim, Vladimir and Bronstein, Michael and Solomon, Justin},
  booktitle={ICLR Workshops},
  year={2019}
}


@article{patane2020fourier,
  title={Fourier-based and Rational Graph Filters for Spectral Processing},
  author={Patan{\`e}, Giuseppe},
  journal={arXiv:2011.04055},
  year={2020}
}



@article{ovsjanikov2012functional,
  title={Functional maps: a flexible representation of maps between shapes},
  author={Ovsjanikov, Maks and Ben-Chen, Mirela and Solomon, Justin and Butscher, Adrian and Guibas, Leonidas},
  journal={ACM Trans. Graphics},
  volume={31},
  number={4},
  pages={1--11},
  year={2012},
}

@article{rustamov2013map,
  title={Map-based exploration of intrinsic shape differences and variability},
  author={Rustamov, Raif M and Ovsjanikov, Maks and Azencot, Omri and Ben-Chen, Mirela and Chazal, Fr{\'e}d{\'e}ric and Guibas, Leonidas},
  journal={ACM Trans. Graphics},
  volume={32},
  number={4},
  pages={1--12},
  year={2013},
}

@inproceedings{cosmo2019isospectralization,
  title={Isospectralization, or how to hear shape, style, and correspondence},
  author={Cosmo, Luca and Panine, Mikhail and Rampini, Arianna and Ovsjanikov, Maks and Bronstein, Michael M and Rodola, Emanuele},
  booktitle={CVPR},
  year={2019}
}

@article{kac1966can,
  title={Can one hear the shape of a drum?},
  author={Kac, Mark},
  journal={The American Mathematical Monthly},
  volume={73},
  number={4P2},
  pages={1--23},
  year={1966},
}

@article{gordon1992one,
  title={One cannot hear the shape of a drum},
  author={Gordon, Carolyn and Webb, David L and Wolpert, Scott},
  journal={Bulletin of the American Mathematical Society},
  volume={27},
  number={1},
  pages={134--138},
  year={1992}
}

@article{wang2018steklov,
  title={Steklov spectral geometry for extrinsic shape analysis},
  author={Wang, Yu and Ben-Chen, Mirela and Polterovich, Iosif and Solomon, Justin},
  journal={ACM Trans. Graphics},
  volume={38},
  number={1},
  pages={1--21},
  year={2018},
}

@article{ye2018unified,
  title={A unified discrete framework for intrinsic and extrinsic {D}irac operators for geometry processing},
  author={Ye, Zi and Diamanti, Olga and Tang, Chengcheng and Guibas, Leonidas and Hoffmann, Tim},
  journal={Computer Graphics Forum},
  volume={37},
  number={5},
  pages={93--106},
  year={2018},
}

@article{liu2017dirac,
  title={A {D}irac operator for extrinsic shape analysis},
  author={Liu, Hsueh-Ti Derek and Jacobson, Alec and Crane, Keenan},
  journal={Computer Graphics Forum},
  volume={36},
  number={5},
  pages={139--149},
  year={2017},
}

@inproceedings{kostrikov2018surface,
  title={Surface networks},
  author={Kostrikov, Ilya and Jiang, Zhongshi and Panozzo, Daniele and Zorin, Denis and Bruna, Joan},
  booktitle={CVPR},
  year={2018}
}


@incollection{wang2019intrinsic,
  title={Intrinsic and extrinsic operators for shape analysis},
  author={Wang, Yu and Solomon, Justin},
  booktitle={Handbook of Numerical Analysis},
  volume={20},
  pages={41--115},
  year={2019},
  publisher={Elsevier}
}


@article{zeng2012discrete,
  title={Discrete heat kernel determines discrete Riemannian metric},
  author={Zeng, Wei and Guo, Ren and Luo, Feng and Gu, Xianfeng},
  journal={Graphical Models},
  volume={74},
  number={4},
  pages={121--129},
  year={2012},
}

@article{boscaini2015shape,
  title={Shape-from-operator: Recovering shapes from intrinsic operators},
  author={Boscaini, Davide and Eynard, Davide and Kourounis, Drosos and Bronstein, Michael M},
  journal={Computer Graphics Forum},
  volume={34},
  number={2},
  pages={265--274},
  year={2015},
}

@article{corman2017functional,
  title={Functional characterization of intrinsic and extrinsic geometry},
  author={Corman, Etienne and Solomon, Justin and Ben-Chen, Mirela and Guibas, Leonidas and Ovsjanikov, Maks},
  journal={ACM Trans. Graphics},
  volume={36},
  number={2},
  pages={1--17},
  year={2017},
}

@article{chern2018shape,
  title={Shape from metric},
  author={Chern, Albert and Kn{\"o}ppel, Felix and Pinkall, Ulrich and Schr{\"o}der, Peter},
  journal={ACM Trans. Graphics},
  volume={37},
  number={4},
  pages={1--17},
  year={2018},
}

@inproceedings{andreux2014anisotropic,
  title={Anisotropic {Laplace-Beltrami} operators for shape analysis},
  author={Andreux, Mathieu and Rodola, Emanuele and Aubry, Mathieu and Cremers, Daniel},
  booktitle={ECCV},
  year={2014},
}

@article{boscaini2016anisotropic,
  title={Anisotropic diffusion descriptors},
  author={Boscaini, Davide and Masci, Jonathan and Rodol{\`a}, Emanuele and Bronstein, Michael M and Cremers, Daniel},
  journal={Computer Graphics Forum},
  volume={35},
  number={2},
  pages={431--441},
  year={2016},
}

@inproceedings{boscaini2016learning,
  title={Learning shape correspondence with anisotropic convolutional neural networks},
  author={Boscaini, Davide and Masci, Jonathan and Rodoi{\`a}, Emanuele and Bronstein, Michael},
  booktitle={NIPS},
  year={2016}
}
%%%

@inproceedings{kokkinos2012intrinsic,
  title={Intrinsic shape context descriptors for deformable shapes},
  author={Kokkinos, Iasonas and Bronstein, Michael M and Litman, Roee and Bronstein, Alex M},
  booktitle={CVPR},
  year={2012},
}

@article{kimmel1998computing,
  title={Computing geodesic paths on manifolds},
  author={Kimmel, Ron and Sethian, James A},
  journal={PNAS},
  volume={95},
  number={15},
  pages={8431--8435},
  year={1998},
}



@inproceedings{levie2019transferability,
  title={On the transferability of spectral graph filters},
  author={Levie, Ron and Isufi, Elvin and Kutyniok, Gitta},
  booktitle={Sampling Theory and Applications},
  year={2019},
}

@article{kenlay2021interpretable,
  title={Interpretable Stability Bounds for Spectral Graph Filters},
  author={Kenlay, Henry and Thanou, Dorina and Dong, Xiaowen},
  journal={arXiv:2102.09587},
  year={2021}
}


@article{gama2020stability,
  title={Stability properties of graph neural networks},
  author={Gama, Fernando and Bruna, Joan and Ribeiro, Alejandro},
  journal={IEEE Trans. Signal Processing},
  volume={68},
  pages={5680--5695},
  year={2020},
}


% self-references

@book{bronstein2008numerical,
  title={Numerical geometry of non-rigid shapes},
  author={Bronstein, Alexander M and Bronstein, Michael M and Kimmel, Ron},
  year={2008},
  publisher={Springer}
}

@article{elad2003bending,
  title={On bending invariant signatures for surfaces},
  author={Elad, Asi and Kimmel, Ron},
  journal={Trans. PAMI},
  volume={25},
  number={10},
  pages={1285--1295},
  year={2003},
}

@article{memoli2005theoretical,
  title={A theoretical and computational framework for isometry invariant recognition of point cloud data},
  author={M{\'e}moli, Facundo and Sapiro, Guillermo},
  journal={Foundations of Computational Mathematics},
  volume={5},
  number={3},
  pages={313--347},
  year={2005},
}

@inproceedings{raviv2007symmetries,
  title={Symmetries of non-rigid shapes},
  author={Raviv, Dan and Bronstein, Alexander M and Bronstein, Michael M and Kimmel, Ron},
  booktitle={ICCV},
  year={2007},
}

@article{ovsjanikov2008global,
  title={Global intrinsic symmetries of shapes},
  author={Ovsjanikov, Maks and Sun, Jian and Guibas, Leonidas},
  journal={Computer Graphics Forum},
  volume={27},
  number={5},
  pages={1341--1348},
  year={2008},
}


@article{levie2018cayleynets,
  title={Cayleynets: Graph convolutional neural networks with complex rational spectral filters},
  author={Levie, Ron and Monti, Federico and Bresson, Xavier and Bronstein, Michael M},
  journal={IEEE Trans. Signal Processing},
  volume={67},
  number={1},
  pages={97--109},
  year={2018},
}

@article{aflalo2015optimality,
  title={On the optimality of shape and data representation in the spectral domain},
  author={Aflalo, Yonathan and Brezis, Haim and Kimmel, Ron},
  journal={SIAM J. Imaging Sciences},
  volume={8},
  number={2},
  pages={1141--1160},
  year={2015},
}


@article{aflalo2013spectral,
  title={Spectral multidimensional scaling},
  author={Aflalo, Yonathan and Kimmel, Ron},
  journal={PNAS},
  volume={110},
  number={45},
  pages={18052--18057},
  year={2013},
}






@article{bronstein2006generalized,
  title={Generalized multidimensional scaling: a framework for isometry-invariant partial surface matching},
  author={Bronstein, Alexander M and Bronstein, Michael M and Kimmel, Ron},
  journal={PNAS},
  volume={103},
  number={5},
  pages={1168--1172},
  year={2006},
}


@article{bronstein2017geometric,
  title={Geometric deep learning: going beyond {E}uclidean data},
  author={Bronstein, Michael M and Bruna, Joan and LeCun, Yann and Szlam, Arthur and Vandergheynst, Pierre},
  journal={IEEE Signal Processing Magazine},
  volume={34},
  number={4},
  pages={18--42},
  year={2017},
}

@article{wang2019dynamic,
  title={Dynamic graph {CNN} for learning on point clouds},
  author={Wang, Yue and Sun, Yongbin and Liu, Ziwei and Sarma, Sanjay E and Bronstein, Michael M and Solomon, Justin M},
  journal={ACM Trans. Graphics},
  volume={38},
  number={5},
  pages={1--12},
  year={2019},
}

@inproceedings{masci2015geodesic,
  title={Geodesic convolutional neural networks on {R}iemannian manifolds},
  author={Masci, Jonathan and Boscaini, Davide and Bronstein, Michael and Vandergheynst, Pierre},
  booktitle={CVPR Workshops},
  year={2015}
}


@inproceedings{cohen2019gauge,
  title={Gauge equivariant convolutional networks and the icosahedral {CNN}},
  author={Cohen, Taco and Weiler, Maurice and Kicanaoglu, Berkay and Welling, Max},
  booktitle={ICML},
  year = {2019},
}


@inproceedings{deHaan2020gauge,
  title    = {Gauge Equivariant Mesh {CNNs}: Anisotropic convolutions on
              geometric graphs},
  author   = {de Haan, Pim and Weiler, Maurice and Cohen, Taco and Welling, Max},
  booktitle  = {NeurIPS},
  year     =  {2020},
}


@article{litman2013learning,
  title={Learning spectral descriptors for deformable shape correspondence},
  author={Litman, Roee and Bronstein, Alexander M},
  journal={Trans. PAMI},
  volume={36},
  number={1},
  pages={171--180},
  year={2013},
}

@article{sun2009concise,
  title={A concise and provably informative multi-scale signature based on heat diffusion},
  author={Sun, Jian and Ovsjanikov, Maks and Guibas, Leonidas},
  journal={Computer Graphics Forum},
  volume={28},
  number={5},
  pages={1383--1392},
  year={2009},
}

@inproceedings{levy2006laplace,
  title={{Laplace-Beltrami} eigenfunctions towards an algorithm that  ``understands'' geometry},
  author={L{\'e}vy, Bruno},
  booktitle={Proc. Shape Modeling and Applications},
  year={2006},
}

@inproceedings{karni2000spectral,
  title={Spectral compression of mesh geometry},
  author={Karni, Zachi and Gotsman, Craig},
  booktitle={Proc. Computer Graphics and Interactive Techniques},
  year={2000}
}

@inproceedings{taubin1996optimal,
  title={Optimal surface smoothing as filter design},
  author={Taubin, Gabriel and Zhang, Tong and Golub, Gene},
  booktitle={ECCV},
  year={1996},
}




@book{Goodfellow-et-al-2016,
    title={Deep Learning},
    author={Ian Goodfellow and Yoshua Bengio and Aaron Courville},
    publisher={MIT Press},
    year={2016}
}

@article{kipf2016variational,
  title={Variational graph auto-encoders},
  author={Kipf, Thomas N and Welling, Max},
  journal={arXiv:1611.07308},
  year={2016}
}

@inproceedings{neyshabur2015norm,
  title={Norm-based capacity control in neural networks},
  author={Neyshabur, Behnam and Tomioka, Ryota and Srebro, Nathan},
  booktitle={COLT},
  year={2015},
}

@inproceedings{kipf2018neural,
  title={Neural relational inference for interacting systems},
  author={Kipf, Thomas and Fetaya, Ethan and Wang, Kuan-Chieh and Welling, Max and Zemel, Richard},
  booktitle={ICML},
  year={2018},
}

@article{bougleux2015quadratic,
  title={A quadratic assignment formulation of the graph edit distance},
  author={Bougleux, S{\'e}bastien and Brun, Luc and Carletti, Vincenzo and Foggia, Pasquale and Ga{\"u}zere, Benoit and Vento, Mario},
  journal={arXiv:1512.07494},
  year={2015}
}

@inproceedings{franceschi2019learning,
  title={Learning discrete structures for graph neural networks},
  author={Franceschi, Luca and Niepert, Mathias and Pontil, Massimiliano and He, Xiao},
  booktitle={ICML},
  year={2019},
}

@article{kazi2020differentiable,
  title={Differentiable graph module ({DGM}) graph convolutional networks},
  author={Kazi, Anees and Cosmo, Luca and Navab, Nassir and Bronstein, Michael},
  journal={arXiv:2002.04999},
  year={2020}
}

@article{velivckovic2020pointer,
  title={Pointer graph networks},
  author={Veli{\v{c}}kovi{\'c}, Petar and Buesing, Lars and Overlan, Matthew C and Pascanu, Razvan and Vinyals, Oriol and Blundell, Charles},
  journal={arXiv:2006.06380},
  year={2020}
}



@inproceedings{hamilton2017inductive,
  title={Inductive representation learning on large graphs},
  author={Hamilton, Will and Ying, Zhitao and Leskovec, Jure},
  booktitle={NIPS},
  year={2017}
}

@inproceedings{velickovic2019deep,
title	= {{Deep Graph Infomax}},
author	= {Petar Veli\v{c}kovi\'{c} and Wiliam Fedus and William L. Hamilton and Pietro Li\`{o} and Yoshua Bengio and R Devon Hjelm},
year	= {2019},
booktitle={ICLR}
}

@inproceedings{ribeiro2017struc2vec,
  title={struc2vec: Learning node representations from structural identity},
  author={Ribeiro, Leonardo FR and Saverese, Pedro HP and Figueiredo, Daniel R},
  booktitle={KDD},
  year={2017}
}

@inproceedings{donnat2018learning,
  title={Learning structural node embeddings via diffusion wavelets},
  author={Donnat, Claire and Zitnik, Marinka and Hallac, David and Leskovec, Jure},
  booktitle={KDD},
  year={2018}
}

@inproceedings{hjelm2018learning,
  title={Learning deep representations by mutual information estimation and maximization},
  author={Hjelm, R Devon and Fedorov, Alex and Lavoie-Marchildon, Samuel and Grewal, Karan and Bachman, Phil and Trischler, Adam and Bengio, Yoshua},
year	= {2019},
booktitle={ICLR},
}

@inproceedings{vinyals2016order,
title	= {{Order matters: Sequence to sequence for sets}},
author	= {Oriol Vinyals and Samy Bengio and Manjunath Kudlur},
year	= {2016},
booktitle	= {ICLR}
}

@inproceedings{ying2018hierarchical,
  title={Hierarchical graph representation learning with differentiable pooling},
  author={Ying, Zhitao and You, Jiaxuan and Morris, Christopher and Ren, Xiang and Hamilton, Will and Leskovec, Jure},
  booktitle={NeurIPS},
  year={2018}
}

@article{oord2018representation,
  title={Representation learning with contrastive predictive coding},
  author={van den Oord, Aaron van den and Li, Yazhe and Vinyals, Oriol},
  journal={arXiv:1807.03748},
  year={2018}
}

@inproceedings{belghazi2018mutual,
  title={Mutual information neural estimation},
  author={Belghazi, Mohamed Ishmael and Baratin, Aristide and Rajeshwar, Sai and Ozair, Sherjil and Bengio, Yoshua and Courville, Aaron and Hjelm, Devon},
  booktitle={ICML},
  year={2018}
}

@article{cruz2019modular,
  title={A Modular Framework for Unsupervised Graph Representation Learning},
  author={Cruz, Daniel Fernando Daza},
  year={2019}
}

% TODO: WWW 2020?
@article{peng2020graph,
  title={Graph Representation Learning via Graphical Mutual Information Maximization},
  author={Peng, Zhen and Huang, Wenbing and Luo, Minnan and Zheng, Qinghua and Rong, Yu and Xu, Tingyang and Huang, Junzhou},
  journal={arXiv:2002.01169},
  year={2020}
}

@inproceedings{mikolov2013distributed,
  title={Distributed representations of words and phrases and their compositionality},
  author={Mikolov, Tomas and Sutskever, Ilya and Chen, Kai and Corrado, Greg S and Dean, Jeff},
  booktitle={NIPS},
  year={2013}
}

@inproceedings{grover2016node2vec,
  title={node2vec: Scalable feature learning for networks},
  author={Grover, Aditya and Leskovec, Jure},
  booktitle={KDD},
  year={2016}
}

% TODO: NAACL?
@article{devlin2018bert,
  title={Bert: Pre-training of deep bidirectional transformers for language understanding},
  author={Devlin, Jacob and Chang, Ming-Wei and Lee, Kenton and Toutanova, Kristina},
  journal={arXiv:1810.04805},
  year={2018}
}

@inproceedings{vaswani2017attention,
  title={Attention is all you need},
  author={Vaswani, Ashish and Shazeer, Noam and Parmar, Niki and Uszkoreit, Jakob and Jones, Llion and Gomez, Aidan N and Kaiser, {\L}ukasz and Polosukhin, Illia},
  booktitle={NIPS},
  year={2017}
}

@article{
  velickovic2018graph,
  title="{Graph Attention Networks}",
  author={Veli{\v{c}}kovi{\'{c}}, Petar and Cucurull, Guillem and Casanova, Arantxa and Romero, Adriana and Li{\`{o}}, Pietro and Bengio, Yoshua},
  journal={ICLR},
  year={2018},
}

@inproceedings{
hu2020strategies,
title={Strategies for Pre-training Graph Neural Networks},
author={Weihua Hu and Bowen Liu and Joseph Gomes and Marinka Zitnik and Percy Liang and Vijay Pande and Jure Leskovec},
booktitle={ICLR},
year={2020},
}

@inproceedings{
sun2020infograph,
title={InfoGraph: Unsupervised and Semi-supervised Graph-Level Representation Learning via Mutual Information Maximization},
author={Fan-Yun Sun and Jordan Hoffman and Vikas Verma and Jian Tang},
booktitle={ICLR},
year={2020}
}

@article{opolka2019spatio,
  title={Spatio-temporal deep graph infomax},
  author={Opolka, Felix L and Solomon, Aaron and Cangea, C{\u{a}}t{\u{a}}lina and Veli{\v{c}}kovi{\'c}, Petar and Li{\`o}, Pietro and Hjelm, R Devon},
  journal={arXiv:1904.06316},
  year={2019}
}

% TODO: AAAI 2020
@article{park2019unsupervised,
  title={Unsupervised Attributed Multiplex Network Embedding},
  author={Park, Chanyoung and Kim, Donghyun and Han, Jiawei and Yu, Hwanjo},
  journal={arXiv:1911.06750},
  year={2019}
}

@inproceedings{zaheer2017deep,
  title={Deep sets},
  author={Zaheer, Manzil and Kottur, Satwik and Ravanbakhsh, Siamak and Poczos, Barnabas and Salakhutdinov, Russ R and Smola, Alexander J},
  booktitle={NIPS},
  year={2017}
}

@article{murphy2018janossy,
  title={Janossy pooling: Learning deep permutation-invariant functions for variable-size inputs},
  author={Murphy, Ryan L and Srinivasan, Balasubramaniam and Rao, Vinayak and Ribeiro, Bruno},
  journal={arXiv:1811.01900},
  year={2018}
}

@article{joshi2020transformers,
  title={Transformers are graph neural networks},
  author={Joshi, Chaitanya},
  journal={The Gradient},
  year={2020}
}

@inproceedings{qi2017pointnet,
  title={Pointnet: Deep learning on point sets for 3d classification and segmentation},
  author={Qi, Charles R and Su, Hao and Mo, Kaichun and Guibas, Leonidas J},
  booktitle={CVPR},
  year={2017}
}

@article{defferrard2016convolutional,
  title={Convolutional neural networks on graphs with fast localized spectral filtering},
  author={Defferrard, Micha{\"e}l and Bresson, Xavier and Vandergheynst, Pierre},
  journal={NIPS},
  year={2016}
}

@article{kipf2016semi,
  title={Semi-supervised classification with graph convolutional networks},
  author={Kipf, Thomas N and Welling, Max},
  journal={arXiv:1609.02907},
  year={2016}
}

@inproceedings{monti2017geometric,
  title={Geometric deep learning on graphs and manifolds using mixture model cnns},
  author={Monti, Federico and Boscaini, Davide and Masci, Jonathan and Rodola, Emanuele and Svoboda, Jan and Bronstein, Michael M},
  booktitle={CVPR},
  year={2017}
}

@article{gilmer2017neural,
  title={Neural message passing for quantum chemistry},
  author={Gilmer, Justin and Schoenholz, Samuel S and Riley, Patrick F and Vinyals, Oriol and Dahl, George E},
  journal={arXiv:1704.01212},
  year={2017}
}

@article{battaglia2018relational,
  title={Relational inductive biases, deep learning, and graph networks},
  author={Battaglia, Peter W and Hamrick, Jessica B and Bapst, Victor and Sanchez-Gonzalez, Alvaro and Zambaldi, Vinicius and Malinowski, Mateusz and Tacchetti, Andrea and Raposo, David and Santoro, Adam and Faulkner, Ryan and others},
  journal={arXiv:1806.01261},
  year={2018}
}

@inproceedings{sperduti1994encoding,
  title={Encoding labeled graphs by labeling {RAAM}},
  author={Sperduti, Alessandro},
  booktitle={NIPS},
  year={1994}
}

@inproceedings{goller1996learning,
  title={Learning task-dependent distributed representations by backpropagation through structure},
  author={Goller, Christoph and Kuchler, Andreas},
  booktitle={ICNN},
  year={1996},
}

@article{sperduti1997supervised,
  title={Supervised neural networks for the classification of structures},
  author={Sperduti, Alessandro and Starita, Antonina},
  journal={IEEE Trans. Neural Networks},
  volume={8},
  number={3},
  pages={714--735},
  year={1997},
}

@article{frasconi1998general,
  title={A general framework for adaptive processing of data structures},
  author={Frasconi, Paolo and Gori, Marco and Sperduti, Alessandro},
  journal={IEEE Trans. Neural Networks},
  volume={9},
  number={5},
  pages={768--786},
  year={1998},
}

@article{scarselli2008graph,
  title={The graph neural network model},
  author={Scarselli, Franco and Gori, Marco and Tsoi, Ah Chung and Hagenbuchner, Markus and Monfardini, Gabriele},
  journal={IEEE Trans. Neural Networks},
  volume={20},
  number={1},
  pages={61--80},
  year={2008},
}

@inproceedings{gori2005new,
  title={A new model for learning in graph domains},
  author={Gori, Marco and Monfardini, Gabriele and Scarselli, Franco},
  booktitle={IJCNN},
  year={2005},
}

@article{micheli2009neural,
  title={Neural network for graphs: A contextual constructive approach},
  author={Micheli, Alessio},
  journal={IEEE Trans. Neural Networks},
  volume={20},
  number={3},
  pages={498--511},
  year={2009},
}

@article{battaglia2016interaction,
  title={Interaction networks for learning about objects, relations and physics},
  author={Battaglia, Peter W and Pascanu, Razvan and Lai, Matthew and Rezende, Danilo and Kavukcuoglu, Koray},
  journal={arXiv:1612.00222},
  year={2016}
}

@article{springenberg2014striving,
  title={Striving for simplicity: The all convolutional net},
  author={Springenberg, Jost Tobias and Dosovitskiy, Alexey and Brox, Thomas and Riedmiller, Martin},
  journal={arXiv:1412.6806},
  year={2014}
}

@article{srivastava2015highway,
  title={Highway networks},
  author={Srivastava, Rupesh Kumar and Greff, Klaus and Schmidhuber, J{\"u}rgen},
  journal={arXiv:1505.00387},
  year={2015}
}

@inproceedings{santoro2017simple,
  title={A simple neural network module for relational reasoning},
  author={Santoro, Adam and Raposo, David and Barrett, David G and Malinowski, Mateusz and Pascanu, Razvan and Battaglia, Peter and Lillicrap, Timothy},
  booktitle={NIPS},
  year={2017}
}

@article{hoshen2017vain,
  title={Vain: Attentional multi-agent predictive modeling},
  author={Hoshen, Yedid},
  journal={arXiv:1706.06122},
  year={2017}
}

@incollection{almeida1990learning,
  title={A learning rule for asynchronous perceptrons with feedback in a combinatorial environment},
  author={Almeida, Luis B},
  booktitle={Artificial neural networks: concept learning},
  pages={102--111},
  year={1990}
}

@inproceedings{pineda1988generalization,
  title={Generalization of back propagation to recurrent and higher order neural networks},
  author={Pineda, Fernando J},
  booktitle={NIPS},
  year={1988}
}

@article{li2015gated,
  title={Gated graph sequence neural networks},
  author={Li, Yujia and Tarlow, Daniel and Brockschmidt, Marc and Zemel, Richard},
  journal={arXiv:1511.05493},
  year={2015}
}

@article{cho2014learning,
  title={Learning phrase representations using RNN encoder-decoder for statistical machine translation},
  author={Cho, Kyunghyun and Van Merri{\"e}nboer, Bart and Gulcehre, Caglar and Bahdanau, Dzmitry and Bougares, Fethi and Schwenk, Holger and Bengio, Yoshua},
  journal={arXiv:1406.1078},
  year={2014}
}

@article{kireev1995chemnet,
  title={ChemNet: a novel neural network based method for graph/property mapping},
  author={Kireev, Dmitry B},
  journal={J. Chemical Information and Computer Sciences},
  volume={35},
  number={2},
  pages={175--180},
  year={1995},
}

@article{baskin1997neural,
  title={A neural device for searching direct correlations between structures and properties of chemical compounds},
  author={Baskin, Igor I and Palyulin, Vladimir A and Zefirov, Nikolai S},
   journal={J. Chemical Information and Computer Sciences},
  volume={37},
  number={4},
  pages={715--721},
  year={1997},
}

@article{merkwirth2005automatic,
  title={Automatic generation of complementary descriptors with molecular graph networks},
  author={Merkwirth, Christian and Lengauer, Thomas},
  journal={J. Chemical Information and Modeling},
  volume={45},
  number={5},
  pages={1159--1168},
  year={2005},
}

@article{duvenaud2015convolutional,
  title={Convolutional networks on graphs for learning molecular fingerprints},
  author={Duvenaud, David K and Maclaurin, Dougal and Iparraguirre, Jorge and Bombarell, Rafael and Hirzel, Timothy and Aspuru-Guzik, Al{\'a}n and Adams, Ryan P},
  journal={NIPS},
  year={2015}
}

@inproceedings{ronneberger2015u,
  title={U-net: Convolutional networks for biomedical image segmentation},
  author={Ronneberger, Olaf and Fischer, Philipp and Brox, Thomas},
  booktitle={MICCAI},
  year={2015},
}

@article{stokes2020deep,
  title={A deep learning approach to antibiotic discovery},
  author={Stokes, Jonathan M and Yang, Kevin and Swanson, Kyle and Jin, Wengong and Cubillos-Ruiz, Andres and Donghia, Nina M and MacNair, Craig R and French, Shawn and Carfrae, Lindsey A and Bloom-Ackerman, Zohar and others},
  journal={Cell},
  volume={180},
  number={4},
  pages={688--702},
  year={2020},
}

@inproceedings{he2016deep,
  title={Deep residual learning for image recognition},
  author={He, Kaiming and Zhang, Xiangyu and Ren, Shaoqing and Sun, Jian},
  booktitle={CVPR},
  year={2016}
}

@article{maron2018invariant,
  title={Invariant and equivariant graph networks},
  author={Maron, Haggai and Ben-Hamu, Heli and Shamir, Nadav and Lipman, Yaron},
  journal={arXiv:1812.09902},
  year={2018}
}

@inproceedings{perozzi2014deepwalk,
  title={Deepwalk: Online learning of social representations},
  author={Perozzi, Bryan and Al-Rfou, Rami and Skiena, Steven},
  booktitle={KDD},
  year={2014}
}

@inproceedings{tang2015line,
  title={Line: Large-scale information network embedding},
  author={Tang, Jian and Qu, Meng and Wang, Mingzhe and Zhang, Ming and Yan, Jun and Mei, Qiaozhu},
  booktitle={WWW},
  year={2015}
}

@inproceedings{yang2016revisiting,
  title={Revisiting semi-supervised learning with graph embeddings},
  author={Yang, Zhilin and Cohen, William and Salakhudinov, Ruslan},
  booktitle={ICML},
  year={2016},
}

@article{garcia2017learning,
  title={Learning graph representations with embedding propagation},
  author={Garc{\'\i}a-Dur{\'a}n, Alberto and Niepert, Mathias},
  journal={arXiv:1710.03059},
  year={2017}
}

@inproceedings{wu2019simplifying,
  title={Simplifying graph convolutional networks},
  author={Wu, Felix and Souza, Amauri and Zhang, Tianyi and Fifty, Christopher and Yu, Tao and Weinberger, Kilian},
  booktitle={ICML},
  year={2019},
}

@article{zhu2020deep,
  title={Deep graph contrastive representation learning},
  author={Zhu, Yanqiao and Xu, Yichen and Yu, Feng and Liu, Qiang and Wu, Shu and Wang, Liang},
  journal={arXiv:2006.04131},
  year={2020}
}

@article{thakoor2021bootstrapped,
  title={Bootstrapped Representation Learning on Graphs},
  author={Thakoor, Shantanu and Tallec, Corentin and Azar, Mohammad Gheshlaghi and Munos, R{\'e}mi and Veli{\v{c}}kovi{\'c}, Petar and Valko, Michal},
  journal={arXiv:2102.06514},
  year={2021}
}

@book{wainwright2008graphical,
  title={Graphical models, exponential families, and variational inference},
  author={Wainwright, Martin J and Jordan, Michael Irwin},
  year={2008},
  publisher={Now Publishers Inc}
}

@inproceedings{dai2016discriminative,
  title={Discriminative embeddings of latent variable models for structured data},
  author={Dai, Hanjun and Dai, Bo and Song, Le},
  booktitle={ICML},
  year={2016},
}

@article{yedidia2001bethe,
  title={Bethe free energy, Kikuchi approximations, and belief propagation algorithms},
  author={Yedidia, Jonathan S and Freeman, William T and Weiss, Yair},
  journal={NIPS},
  year={2001}
}

@book{pearl2014probabilistic,
  title={Probabilistic reasoning in intelligent systems: networks of plausible inference},
  author={Pearl, Judea},
  year={2014},
  publisher={Elsevier}
}

@article{murphy2013loopy,
  title={Loopy belief propagation for approximate inference: An empirical study},
  author={Murphy, Kevin and Weiss, Yair and Jordan, Michael I},
  journal={arXiv:1301.6725},
  year={2013}
}

@inproceedings{smola2007hilbert,
  title={A {H}ilbert space embedding for distributions},
  author={Smola, Alex and Gretton, Arthur and Song, Le and Sch{\"o}lkopf, Bernhard},
  booktitle={ALT},
  year={2007},
}

@inproceedings{qu2019gmnn,
  title={{GMNN}: Graph {M}arkov neural networks},
  author={Qu, Meng and Bengio, Yoshua and Tang, Jian},
  booktitle={ICML},
  year={2019},
}

@article{zhang2020efficient,
  title={Efficient probabilistic logic reasoning with graph neural networks},
  author={Zhang, Yuyu and Chen, Xinshi and Yang, Yuan and Ramamurthy, Arun and Li, Bo and Qi, Yuan and Song, Le},
  journal={arXiv:2001.11850},
  year={2020}
}

@inproceedings{gao2019conditional,
  title={Conditional random field enhanced graph convolutional neural networks},
  author={Gao, Hongchang and Pei, Jian and Huang, Heng},
  booktitle={KDD},
  year={2019}
}

@article{spalevic2020hierachial,
  title={Hierachial Protein Function Prediction with Tail-{GNN}s},
  author={Spalevi{\'c}, Stefan and Veli{\v{c}}kovi{\'c}, Petar and Kova{\v{c}}evi{\'c}, Jovana and Nikoli{\'c}, Mladen},
  journal={arXiv:2007.12804},
  year={2020}
}

@inproceedings{babai1983canonical,
  title={Canonical labeling of graphs},
  author={Babai, L{\'a}szl{\'o} and Luks, Eugene M},
  booktitle={ACM Symposium on Theory of computing},
  year={1983}
}

@inproceedings{babai2016graph,
  title={Graph isomorphism in quasipolynomial time},
  author={Babai, L{\'a}szl{\'o}},
  booktitle={ACM Symposium on Theory of Computing},
  year={2016}
}

@article{weisfeiler1968reduction,
  title={The reduction of a graph to canonical form and the algebra which appears therein},
  author={Weisfeiler, Boris and Leman, Andrei},
  journal={NTI Series},
  volume={2},
  number={9},
  pages={12--16},
  year={1968}
}

@inproceedings{morris2019weisfeiler,
  title={Weisfeiler and leman go neural: Higher-order graph neural networks},
  author={Morris, Christopher and Ritzert, Martin and Fey, Matthias and Hamilton, William L and Lenssen, Jan Eric and Rattan, Gaurav and Grohe, Martin},
  booktitle={AAAI},
  year={2019}
}

@article{xu2018powerful,
  title={How powerful are graph neural networks?},
  author={Xu, Keyulu and Hu, Weihua and Leskovec, Jure and Jegelka, Stefanie},
  journal={arXiv:1810.00826},
  year={2018}
}

@article{shervashidze2011weisfeiler,
  title={Weisfeiler-lehman graph kernels.},
  author={Shervashidze, Nino and Schweitzer, Pascal and Van Leeuwen, Erik Jan and Mehlhorn, Kurt and Borgwardt, Karsten M},
  journal={JMLR},
  volume={12},
  number={9},
  year={2011}
}

@article{corso2020principal,
  title={Principal neighbourhood aggregation for graph nets},
  author={Corso, Gabriele and Cavalleri, Luca and Beaini, Dominique and Li{\`o}, Pietro and Veli{\v{c}}kovi{\'c}, Petar},
  journal={arXiv:2004.05718},
  year={2020}
}

@article{borsuk1933drei,
  title={Drei S{\"a}tze {\"u}ber die n-dimensionale euklidische Sph{\"a}re},
  author={Borsuk, Karol},
  journal={Fundamenta Mathematicae},
  volume={20},
  number={1},
  pages={177--190},
  year={1933}
}

@inproceedings{morris2017glocalized,
  title={Glocalized {Weisfeiler-Lehman} graph kernels: Global-local feature maps of graphs},
  author={Morris, Christopher and Kersting, Kristian and Mutzel, Petra},
  booktitle={ICDM},
  year={2017},
}

@inproceedings{morris2020weisfeiler,
  title={{W}eisfeiler and {L}eman go sparse: Towards scalable higher-order graph embeddings},
  author={Morris, Christopher and Rattan, Gaurav and Mutzel, Petra},
  year={2020},
  booktitle={NeurIPS},
}

@article{maron2019provably,
  title={Provably powerful graph networks},
  author={Maron, Haggai and Ben-Hamu, Heli and Serviansky, Hadar and Lipman, Yaron},
  journal={arXiv:1905.11136},
  year={2019}
}

@inproceedings{murphy2019relational,
  title={Relational pooling for graph representations},
  author={Murphy, Ryan and Srinivasan, Balasubramaniam and Rao, Vinayak and Ribeiro, Bruno},
  booktitle={ICML},
  year={2019}
}

@article{sato2020random,
  title={Random features strengthen graph neural networks},
  author={Sato, Ryoma and Yamada, Makoto and Kashima, Hisashi},
  journal={arXiv:2002.03155},
  year={2020}
}

@inproceedings{you2019position,
  title={Position-aware graph neural networks},
  author={You, Jiaxuan and Ying, Rex and Leskovec, Jure},
  booktitle={ICML},
  year={2019}
}

@article{beaini2020directional,
  title={Directional graph networks},
  author={Beaini, Dominique and Passaro, Saro and L{\'e}tourneau, Vincent and Hamilton, William L and Corso, Gabriele and Li{\`o}, Pietro},
  journal={arXiv:2010.02863},
  year={2020}
}

@article{bouritsas2020improving,
  title={Improving graph neural network expressivity via subgraph isomorphism counting},
  author={Bouritsas, Giorgos and Frasca, Fabrizio and Zafeiriou, Stefanos and Bronstein, Michael M},
  journal={arXiv:2006.09252},
  year={2020}
}

@article{bodnar2021weisfeiler,
  title={Weisfeiler and Lehman Go Topological: Message Passing Simplicial Networks},
  author={Bodnar, Cristian and Frasca, Fabrizio and Wang, Yu Guang and Otter, Nina and Mont{\'u}far, Guido and Li{\`o}, Pietro and Bronstein, Michael},
  journal={arXiv:2103.03212},
  year={2021}
}

@article{stachenfeld2020graph,
  title={Graph Networks with Spectral Message Passing},
  author={Stachenfeld, Kimberly and Godwin, Jonathan and Battaglia, Peter},
  journal={arXiv:2101.00079},
  year={2020}
}

@article{dwivedi2020generalization,
  title={A Generalization of Transformer Networks to Graphs},
  author={Dwivedi, Vijay Prakash and Bresson, Xavier},
  journal={arXiv:2012.09699},
  year={2020}
}

@inproceedings{jin2018junction,
  title={Junction tree variational autoencoder for molecular graph generation},
  author={Jin, Wengong and Barzilay, Regina and Jaakkola, Tommi},
  booktitle={ICML},
  year={2018}
}

@inproceedings{jin2020hierarchical,
  title={Hierarchical generation of molecular graphs using structural motifs},
  author={Jin, Wengong and Barzilay, Regina and Jaakkola, Tommi},
  booktitle={ICML},
  year={2020}
}

@inproceedings{qiu2018network,
  title={Network embedding as matrix factorization: Unifying deepwalk, line, pte, and node2vec},
  author={Qiu, Jiezhong and Dong, Yuxiao and Ma, Hao and Li, Jian and Wang, Kuansan and Tang, Jie},
  booktitle={WSDM},
  year={2018}
}

@article{srinivasan2019equivalence,
  title={On the equivalence between positional node embeddings and structural graph representations},
  author={Srinivasan, Balasubramaniam and Ribeiro, Bruno},
  journal={arXiv:1910.00452},
  year={2019}
}

@article{zhu2021node,
  title={Node Proximity Is All You Need: Unified Structural and Positional Node and Graph Embedding},
  author={Zhu, Jing and Lu, Xingyu and Heimann, Mark and Koutra, Danai},
  journal={arXiv:2102.13582},
  year={2021}
}

@article{fey2020hierarchical,
  title={Hierarchical inter-message passing for learning on molecular graphs},
  author={Fey, Matthias and Yuen, Jan-Gin and Weichert, Frank},
  journal={arXiv:2006.12179},
  year={2020}
}

@book{cormen2009introduction,
  title={Introduction to algorithms},
  author={Cormen, Thomas H and Leiserson, Charles E and Rivest, Ronald L and Stein, Clifford},
  year={2009},
  publisher={MIT press}
}

@article{graves2014neural,
  title={Neural turing machines},
  author={Graves, Alex and Wayne, Greg and Danihelka, Ivo},
  journal={arXiv:1410.5401},
  year={2014}
}

@article{graves2016hybrid,
  title={Hybrid computing using a neural network with dynamic external memory},
  author={Graves, Alex and Wayne, Greg and Reynolds, Malcolm and Harley, Tim and Danihelka, Ivo and Grabska-Barwi{\'n}ska, Agnieszka and Colmenarejo, Sergio G{\'o}mez and Grefenstette, Edward and Ramalho, Tiago and Agapiou, John and others},
  journal={Nature},
  volume={538},
  number={7626},
  pages={471--476},
  year={2016}
}
@article{santoro2018relational,
  title={Relational recurrent neural networks},
  author={Santoro, Adam and Faulkner, Ryan and Raposo, David and Rae, Jack and Chrzanowski, Mike and Weber, Theophane and Wierstra, Daan and Vinyals, Oriol and Pascanu, Razvan and Lillicrap, Timothy},
  journal={arXiv:1806.01822},
  year={2018}
}

@article{zaremba2014learning,
  title={Learning to execute},
  author={Zaremba, Wojciech and Sutskever, Ilya},
  journal={arXiv:1410.4615},
  year={2014}
}

@article{kaiser2015neural,
  title={Neural {GPU}s learn algorithms},
  author={Kaiser, {\L}ukasz and Sutskever, Ilya},
  journal={arXiv:1511.08228},
  year={2015}
}

@article{kurach2015neural,
  title={Neural random-access machines},
  author={Kurach, Karol and Andrychowicz, Marcin and Sutskever, Ilya},
  journal={arXiv:1511.06392},
  year={2015}
}

@article{reed2015neural,
  title={Neural programmer-interpreters},
  author={Reed, Scott and De Freitas, Nando},
  journal={arXiv:1511.06279},
  year={2015}
}

@article{trask2018neural,
  title={Neural arithmetic logic units},
  author={Trask, Andrew and Hill, Felix and Reed, Scott and Rae, Jack and Dyer, Chris and Blunsom, Phil},
  journal={arXiv:1808.00508},
  year={2018}
}

@article{madsen2020neural,
  title={Neural arithmetic units},
  author={Madsen, Andreas and Johansen, Alexander Rosenberg},
  journal={arXiv:2001.05016},
  year={2020}
}


@article{rosenblatt1958perceptron,
  title={The perceptron: a probabilistic model for information storage and organization in the brain.},
  author={Rosenblatt, Frank},
  journal={Psychological Review},
  volume={65},
  number={6},
  pages={386},
  year={1958},
}


@article{xu2019can,
  title={What can neural networks reason about?},
  author={Xu, Keyulu and Li, Jingling and Zhang, Mozhi and Du, Simon S and Kawarabayashi, Ken-ichi and Jegelka, Stefanie},
  journal={arXiv:1905.13211},
  year={2019}
}

@article{bellman1966dynamic,
  title={Dynamic programming},
  author={Bellman, Richard},
  journal={Science},
  volume={153},
  number={3731},
  pages={34--37},
  year={1966}
}

@article{bellman1958routing,
  title={On a routing problem},
  author={Bellman, Richard},
  journal={Quarterly of Applied Mathematics},
  volume={16},
  number={1},
  pages={87--90},
  year={1958}
}

@article{cappart2021combinatorial,
  title={Combinatorial optimization and reasoning with graph neural networks},
  author={Cappart, Quentin and Ch{\'e}telat, Didier and Khalil, Elias and Lodi, Andrea and Morris, Christopher and Veli{\v{c}}kovi{\'c}, Petar},
  journal={arXiv:2102.09544},
  year={2021}
}

@article{velivckovic2019neural,
  title={Neural execution of graph algorithms},
  author={Veli{\v{c}}kovi{\'c}, Petar and Ying, Rex and Padovano, Matilde and Hadsell, Raia and Blundell, Charles},
  journal={arXiv:1910.10593},
  year={2019}
}

@article{yan2020neural,
  title={Neural execution engines: Learning to execute subroutines},
  author={Yan, Yujun and Swersky, Kevin and Koutra, Danai and Ranganathan, Parthasarathy and Heshemi, Milad},
  journal={arXiv:2006.08084},
  year={2020}
}

@inproceedings{tang2020towards,
  title={Towards Scale-Invariant Graph-related Problem Solving by Iterative Homogeneous GNNs},
  author={Tang, Hao and Huang, Zhiao and Gu, Jiayuan and Lu, Bao-Liang and Su, Hao},
  booktitle={NeurIPS},
  year={2020}
}

@article{freivalds2019neural,
  title={Neural Shuffle-Exchange Networks--Sequence Processing in O (n log n) Time},
  author={Freivalds, K{\=a}rlis and Ozoli{\c{n}}{\v{s}}, Em{\=\i}ls and {\v{S}}ostaks, Agris},
  journal={arXiv:1907.07897},
  year={2019}
}

@article{strathmann2021persistent,
  title={Persistent Message Passing},
  author={Strathmann, Heiko and Barekatain, Mohammadamin and Blundell, Charles and Veli{\v{c}}kovi{\'c}, Petar},
  journal={arXiv:2103.01043},
  year={2021}
}

@article{deac2020xlvin,
  title={Xlvin: executed latent value iteration nets},
  author={Deac, Andreea and Veli{\v{c}}kovi{\'c}, Petar and Milinkovi{\'c}, Ognjen and Bacon, Pierre-Luc and Tang, Jian and Nikoli{\'c}, Mladen},
  journal={arXiv:2010.13146},
  year={2020}
}

@inproceedings{sanchez2020learning,
  title={Learning to simulate complex physics with graph networks},
  author={Sanchez-Gonzalez, Alvaro and Godwin, Jonathan and Pfaff, Tobias and Ying, Rex and Leskovec, Jure and Battaglia, Peter},
  booktitle={ICML},
  year={2020}
}

@article{pfaff2020learning,
  title={Learning Mesh-Based Simulation with Graph Networks},
  author={Pfaff, Tobias and Fortunato, Meire and Sanchez-Gonzalez, Alvaro and Battaglia, Peter W},
  journal={arXiv:2010.03409},
  year={2020}
}

@article{xu2020neural,
  title={How neural networks extrapolate: From feedforward to graph neural networks},
  author={Xu, Keyulu and Li, Jingling and Zhang, Mozhi and Du, Simon S and Kawarabayashi, Ken-ichi and Jegelka, Stefanie},
  journal={arXiv:2009.11848},
  year={2020}
}

@article{bevilacqua2021size,
  title={Size-Invariant Graph Representations for Graph Classification Extrapolations},
  author={Bevilacqua, Beatrice and Zhou, Yangze and Ribeiro, Bruno},
  journal={arXiv:2103.05045},
  year={2021}
}

@article{hochreiter1997long,
  title={Long short-term memory},
  author={Hochreiter, Sepp and Schmidhuber, J{\"u}rgen},
  journal={Neural Computation},
  volume={9},
  number={8},
  pages={1735--1780},
  year={1997}
}

@article{sutskever2014sequence,
  title={Sequence to sequence learning with neural networks},
  author={Sutskever, Ilya and Vinyals, Oriol and Le, Quoc V},
  journal={arXiv:1409.3215},
  year={2014}
}

@article{bahdanau2014neural,
  title={Neural machine translation by jointly learning to align and translate},
  author={Bahdanau, Dzmitry and Cho, Kyunghyun and Bengio, Yoshua},
  journal={arXiv:1409.0473},
  year={2014}
}

@article{vinyals2015pointer,
  title={Pointer networks},
  author={Vinyals, Oriol and Fortunato, Meire and Jaitly, Navdeep},
  journal={arXiv:1506.03134},
  year={2015}
}

@inproceedings{amari1978feature,
  title={Feature spaces which admit and detect invariant signal transformations},
  author={Amari, Sl},
  booktitle={Joint Conference on Pattern Recognition},
  year={1978}
}

@book{kanatani2012group,
  title={Group-theoretical methods in image understanding},
  author={Kanatani, Ken-Ichi},
  year={2012},
  publisher={Springer}
}

@book{lenz1990group,
  title={Group theoretical methods in image processing},
  author={Lenz, Reiner},
  year={1990},
  publisher={Springer}
}

@book{minsky2017perceptrons,
  title={Perceptrons: An introduction to computational geometry},
  author={Minsky, Marvin and Papert, Seymour A},
  year={2017},
  publisher={MIT Press}
}

@article{sejnowski1986learning,
  title={Learning symmetry groups with hidden units: Beyond the perceptron},
  author={Sejnowski, Terrence J and Kienker, Paul K and Hinton, Geoffrey E},
  journal={Physica D: Nonlinear Phenomena},
  volume={22},
  number={1-3},
  pages={260--275},
  year={1986},
}

@inproceedings{shawe1989building,
  title={Building symmetries into feedforward networks},
  author={Shawe-Taylor, John},
  booktitle={ICANN},
  year={1989},
}

@article{shawe1993symmetries,
  title={Symmetries and discriminability in feedforward network architectures},
  author={Shawe-Taylor, John},
  journal={IEEE Trans. Neural Networks},
  volume={4},
  number={5},
  pages={816--826},
  year={1993},
}

@incollection{fukushima1982neocognitron,
  title={Neocognitron: A self-organizing neural network model for a mechanism of visual pattern recognition},
  author={Fukushima, Kunihiko and Miyake, Sei},
  booktitle={Competition and Cooperation in Neural Nets},
  pages={267--285},
  year={1982},
  publisher={Springer}
}

@article{wood1996representation,
  title={Representation theory and invariant neural networks},
  author={Wood, Jeffrey and Shawe-Taylor, John},
  journal={Discrete Applied Mathematics},
  volume={69},
  number={1-2},
  pages={33--60},
  year={1996},
}

@article{makadia2007correspondence,
  title={Correspondence-free structure from motion},
  author={Makadia, Ameesh and Geyer, Christopher and Daniilidis, Kostas},
  journal={IJCV},
  volume={75},
  number={3},
  pages={311--327},
  year={2007},
}

@inproceedings{cohen2016group,
  title={Group equivariant convolutional networks},
  author={Cohen, Taco and Welling, Max},
  booktitle={ICML},
  year={2016},
}

@article{esteves2020spin,
  title={Spin-weighted spherical {CNN}s},
  author={Esteves, Carlos and Makadia, Ameesh and Daniilidis, Kostas},
  journal={arXiv:2006.10731},
  year={2020}
}

@article{lecun1998gradient,
  title={Gradient-based learning applied to document recognition},
  author={LeCun, Yann and Bottou, L{\'e}on and Bengio, Yoshua and Haffner, Patrick},
  journal={Proc. IEEE},
  volume={86},
  number={11},
  pages={2278--2324},
  year={1998},
}

@article{hubel1959receptive,
  title={Receptive fields of single neurones in the cat's striate cortex},
  author={Hubel, David H and Wiesel, Torsten N},
  journal={J. Physiology},
  volume={148},
  number={3},
  pages={574--591},
  year={1959},
}

@article{zhang2018gaan,
  title={Gaan: Gated attention networks for learning on large and spatiotemporal graphs},
  author={Zhang, Jiani and Shi, Xingjian and Xie, Junyuan and Ma, Hao and King, Irwin and Yeung, Dit-Yan},
  journal={arXiv:1803.07294},
  year={2018}
}

@article{gysi2020network,
  title={Network medicine framework for identifying drug repurposing opportunities for {COVID}-19},
  author={Gysi, Deisy Morselli and Do Valle, {\'I}talo and Zitnik, Marinka and Ameli, Asher and Gan, Xiao and Varol, Onur and Sanchez, Helia and Baron, Rebecca Marlene and Ghiassian, Dina and Loscalzo, Joseph and others},
  journal={arXiv:2004.07229},
  year={2020},
}

@inproceedings{ying2018graph,
  title={Graph convolutional neural networks for web-scale recommender systems},
  author={Ying, Rex and He, Ruining and Chen, Kaifeng and Eksombatchai, Pong and Hamilton, William L and Leskovec, Jure},
  booktitle={KDD},
  year={2018},
}

@inproceedings{pal2020pinnersage,
  title={PinnerSage: Multi-Modal User Embedding Framework for Recommendations at Pinterest},
  author={Pal, Aditya and Eksombatchai, Chantat and Zhou, Yitong and Zhao, Bo and Rosenberg, Charles and Leskovec, Jure},
  booktitle={KDD},
  year={2020},
}

@article{zhu2019aligraph,
  title={Aligraph: A comprehensive graph neural network platform},
  author={Zhu, Rong and Zhao, Kun and Yang, Hongxia and Lin, Wei and Zhou, Chang and Ai, Baole and Li, Yong and Zhou, Jingren},
  journal={arXiv:1902.08730},
  year={2019}
}

@inproceedings{hao2020p,
  title={P-Companion: A Principled Framework for Diversified Complementary Product Recommendation},
  author={Hao, Junheng and Zhao, Tong and Li, Jin and Dong, Xin Luna and Faloutsos, Christos and Sun, Yizhou and Wang, Wei},
  booktitle={Information \& Knowledge Management},
  year={2020}
}

@article{monti2019fake,
  title={Fake news detection on social media using geometric deep learning},
  author={Monti, Federico and Frasca, Fabrizio and Eynard, Davide and Mannion, Damon and Bronstein, Michael M},
  journal={arXiv:1902.06673},
  year={2019}
}

@article{derrowpinion2021traffic,
  title="{Traffic Prediction with Graph Neural Networks in Google Maps}",
  author={Derrow-Pinion, Austin and She, Jennifer and Wong, David and Lange, Oliver and Hester, Todd and Perez, Luis and Nunkesser, Marc and Lee, Seongjae and Guo, Xueying and Battaglia, Peter W and Gupta, Vishal and Li, Ang and Xu, Zhongwen and Sanchez-Gonzalez, Alvaro and Li, Yujia and Veli\v{c}kovi\'{c}, Petar},
  year={2021}
}

@inproceedings{fang2020constgat,
  title={{ConSTGAT}: Contextual Spatial-Temporal Graph Attention Network for Travel Time Estimation at Baidu Maps},
  author={Fang, Xiaomin and Huang, Jizhou and Wang, Fan and Zeng, Lingke and Liang, Haijin and Wang, Haifeng},
  booktitle={KDD},
  year={2020}
}

@article{russakovsky2015imagenet,
  title={Imagenet large scale visual recognition challenge},
  author={Russakovsky, Olga and Deng, Jia and Su, Hao and Krause, Jonathan and Satheesh, Sanjeev and Ma, Sean and Huang, Zhiheng and Karpathy, Andrej and Khosla, Aditya and Bernstein, Michael and others},
  journal={IJCV},
  volume={115},
  number={3},
  pages={211--252},
  year={2015},
}

@inproceedings{krizhevsky2012imagenet,
  title={Imagenet classification with deep convolutional neural networks},
  author={Krizhevsky, Alex and Sutskever, Ilya and Hinton, Geoffrey E},
  booktitle={NIPS},
  year={2012}
}

@article{simonyan2014very,
  title={Very deep convolutional networks for large-scale image recognition},
  author={Simonyan, Karen and Zisserman, Andrew},
  journal={arXiv:1409.1556},
  year={2014}
}

@inproceedings{szegedy2015going,
  title={Going deeper with convolutions},
  author={Szegedy, Christian and Liu, Wei and Jia, Yangqing and Sermanet, Pierre and Reed, Scott and Anguelov, Dragomir and Erhan, Dumitru and Vanhoucke, Vincent and Rabinovich, Andrew},
  booktitle={CVPR},
  year={2015}
}

@inproceedings{nair2010rectified,
  title={Rectified linear units improve restricted boltzmann machines},
  author={Nair, Vinod and Hinton, Geoffrey E},
  booktitle={ICML},
  year={2010}
}

@inproceedings{ioffe2015batch,
  title={Batch normalization: Accelerating deep network training by reducing internal covariate shift},
  author={Ioffe, Sergey and Szegedy, Christian},
  booktitle={ICML},
  year={2015}
}

@article{srivastava2014dropout,
  title={Dropout: a simple way to prevent neural networks from overfitting},
  author={Srivastava, Nitish and Hinton, Geoffrey and Krizhevsky, Alex and Sutskever, Ilya and Salakhutdinov, Ruslan},
  journal={JMLR},
  volume={15},
  number={1},
  pages={1929--1958},
  year={2014},
}

@inproceedings{girshick2015fast,
  title={Fast {R-CNN}},
  author={Girshick, Ross},
  booktitle={CVPR},
  year={2015}
}

@article{xu2020inductive,
  title={Inductive representation learning on temporal graphs},
  author={Xu, Da and Ruan, Chuanwei and Korpeoglu, Evren and Kumar, Sushant and Achan, Kannan},
  journal={arXiv:2002.07962},
  year={2020}
}

@article{elman1990finding,
  title={Finding structure in time},
  author={Elman, Jeffrey L},
  journal={Cognitive Science},
  volume={14},
  number={2},
  pages={179--211},
  year={1990},
}

@incollection{jordan1997serial,
  title={Serial order: A parallel distributed processing approach},
  author={Jordan, Michael I},
  booktitle={Advances in Psychology},
  volume={121},
  pages={471--495},
  year={1997},
}

@article{rossi2020temporal,
  title={Temporal graph networks for deep learning on dynamic graphs},
  author={Rossi, Emanuele and Chamberlain, Ben and Frasca, Fabrizio and Eynard, Davide and Monti, Federico and Bronstein, Michael},
  journal={arXiv:2006.10637},
  year={2020}
}

@inproceedings{he2017mask,
  title={Mask r-cnn},
  author={He, Kaiming and Gkioxari, Georgia and Doll{\'a}r, Piotr and Girshick, Ross},
  booktitle={CVPR},
  year={2017}
}

@article{ren2015faster,
  title={Faster r-cnn: Towards real-time object detection with region proposal networks},
  author={Ren, Shaoqing and He, Kaiming and Girshick, Ross and Sun, Jian},
  journal={arXiv:1506.01497},
  year={2015}
}

@inproceedings{girshick2014rich,
  title={Rich feature hierarchies for accurate object detection and semantic segmentation},
  author={Girshick, Ross and Donahue, Jeff and Darrell, Trevor and Malik, Jitendra},
  booktitle={CVPR},
  year={2014}
}


@article{badrinarayanan2017segnet,
  title={Segnet: A deep convolutional encoder-decoder architecture for image segmentation},
  author={Badrinarayanan, Vijay and Kendall, Alex and Cipolla, Roberto},
  journal={Trans. PAMI},
  volume={39},
  number={12},
  pages={2481--2495},
  year={2017},
}

@article{bellemare2013arcade,
  title={The arcade learning environment: An evaluation platform for general agents},
  author={Bellemare, Marc G and Naddaf, Yavar and Veness, Joel and Bowling, Michael},
  journal={Journal of Artificial Intelligence Research},
  volume={47},
  pages={253--279},
  year={2013}
}

@article{silver2016mastering,
  title={Mastering the game of Go with deep neural networks and tree search},
  author={Silver, David and Huang, Aja and Maddison, Chris J and Guez, Arthur and Sifre, Laurent and Van Den Driessche, George and Schrittwieser, Julian and Antonoglou, Ioannis and Panneershelvam, Veda and Lanctot, Marc and others},
  journal={Nature},
  volume={529},
  number={7587},
  pages={484--489},
  year={2016},
}

@article{silver2017mastering,
  title={Mastering the game of go without human knowledge},
  author={Silver, David and Schrittwieser, Julian and Simonyan, Karen and Antonoglou, Ioannis and Huang, Aja and Guez, Arthur and Hubert, Thomas and Baker, Lucas and Lai, Matthew and Bolton, Adrian and others},
  journal={Nature},
  volume={550},
  number={7676},
  pages={354--359},
  year={2017},
}

@article{silver2018general,
  title={A general reinforcement learning algorithm that masters chess, shogi, and Go through self-play},
  author={Silver, David and Hubert, Thomas and Schrittwieser, Julian and Antonoglou, Ioannis and Lai, Matthew and Guez, Arthur and Lanctot, Marc and Sifre, Laurent and Kumaran, Dharshan and Graepel, Thore and others},
  journal={Science},
  volume={362},
  number={6419},
  pages={1140--1144},
  year={2018},
}

@article{schrittwieser2020mastering,
  title={Mastering atari, go, chess and shogi by planning with a learned model},
  author={Schrittwieser, Julian and Antonoglou, Ioannis and Hubert, Thomas and Simonyan, Karen and Sifre, Laurent and Schmitt, Simon and Guez, Arthur and Lockhart, Edward and Hassabis, Demis and Graepel, Thore and others},
  journal={Nature},
  volume={588},
  number={7839},
  pages={604--609},
  year={2020},
}

@inproceedings{tromp2006combinatorics,
  title={Combinatorics of go},
  author={Tromp, John and Farneb{\"a}ck, Gunnar},
  booktitle={International Conference on Computers and Games},
  year={2006},
}

@article{mnih2015human,
  title={Human-level control through deep reinforcement learning},
  author={Mnih, Volodymyr and Kavukcuoglu, Koray and Silver, David and Rusu, Andrei A and Veness, Joel and Bellemare, Marc G and Graves, Alex and Riedmiller, Martin and Fidjeland, Andreas K and Ostrovski, Georg and others},
  journal={Nature},
  volume={518},
  number={7540},
  pages={529--533},
  year={2015},
}

@inproceedings{mnih2016asynchronous,
  title={Asynchronous methods for deep reinforcement learning},
  author={Mnih, Volodymyr and Badia, Adria Puigdomenech and Mirza, Mehdi and Graves, Alex and Lillicrap, Timothy and Harley, Tim and Silver, David and Kavukcuoglu, Koray},
  booktitle={ICML},
  year={2016},
}

@article{schulman2017proximal,
  title={Proximal policy optimization algorithms},
  author={Schulman, John and Wolski, Filip and Dhariwal, Prafulla and Radford, Alec and Klimov, Oleg},
  journal={arXiv:1707.06347},
  year={2017}
}

@inproceedings{badia2020agent57,
  title={Agent57: Outperforming the atari human benchmark},
  author={Badia, Adri{\`a} Puigdom{\`e}nech and Piot, Bilal and Kapturowski, Steven and Sprechmann, Pablo and Vitvitskyi, Alex and Guo, Zhaohan Daniel and Blundell, Charles},
  booktitle={ICML},
  year={2020},
}

@article{kalchbrenner2016neural,
  title={Neural machine translation in linear time},
  author={Kalchbrenner, Nal and Espeholt, Lasse and Simonyan, Karen and van den Oord, Aaron and Graves, Alex and Kavukcuoglu, Koray},
  journal={arXiv:1610.10099},
  year={2016}
}

@article{oord2016wavenet,
  title={Wavenet: A generative model for raw audio},
  author={van den Oord, Aaron and Dieleman, Sander and Zen, Heiga and Simonyan, Karen and Vinyals, Oriol and Graves, Alex and Kalchbrenner, Nal and Senior, Andrew and Kavukcuoglu, Koray},
  journal={arXiv:1609.03499},
  year={2016}
}

@inproceedings{kalchbrenner2018efficient,
  title={Efficient neural audio synthesis},
  author={Kalchbrenner, Nal and Elsen, Erich and Simonyan, Karen and Noury, Seb and Casagrande, Norman and Lockhart, Edward and Stimberg, Florian and van den Oord, Aaron and Dieleman, Sander and Kavukcuoglu, Koray},
  booktitle={ICML},
  year={2018},
}

@article{deac2019attentive,
  title={Attentive cross-modal paratope prediction},
  author={Deac, Andreea and Veli{\v{c}}kovi{\'c}, Petar and Sormanni, Pietro},
  journal={Journal of Computational Biology},
  volume={26},
  number={6},
  pages={536--545},
  year={2019},
}

@article{radford2018improving,
  title={Improving language understanding by generative pre-training},
  author={Radford, Alec and Narasimhan, Karthik and Salimans, Tim and Sutskever, Ilya},
  year={2018}
}

@article{radford2019language,
  title={Language models are unsupervised multitask learners},
  author={Radford, Alec and Wu, Jeffrey and Child, Rewon and Luan, David and Amodei, Dario and Sutskever, Ilya},
  journal={OpenAI blog},
  volume={1},
  number={8},
  pages={9},
  year={2019}
}

@article{brown2020language,
  title={Language models are few-shot learners},
  author={Brown, Tom B and Mann, Benjamin and Ryder, Nick and Subbiah, Melanie and Kaplan, Jared and Dhariwal, Prafulla and Neelakantan, Arvind and Shyam, Pranav and Sastry, Girish and Askell, Amanda and others},
  journal={arXiv:2005.14165},
  year={2020}
}

@article{bapst2020unveiling,
  title={Unveiling the predictive power of static structure in glassy systems},
  author={Bapst, Victor and Keck, Thomas and Grabska-Barwi{\'n}ska, A and Donner, Craig and Cubuk, Ekin Dogus and Schoenholz, Samuel S and Obika, Annette and Nelson, Alexander WR and Back, Trevor and Hassabis, Demis and others},
  journal={Nature Physics},
  volume={16},
  number={4},
  pages={448--454},
  year={2020},
}

@article{malone2018learning,
  title={Learning representations of missing data for predicting patient outcomes},
  author={Malone, Brandon and Garcia-Duran, Alberto and Niepert, Mathias},
  journal={arXiv:1811.04752},
  year={2018}
}

@article{rocheteau2021predicting,
  title={Predicting Patient Outcomes with Graph Representation Learning},
  author={Rocheteau, Emma and Tong, Catherine and Veli{\v{c}}kovi{\'c}, Petar and Lane, Nicholas and Li{\`o}, Pietro},
  journal={arXiv:2101.03940},
  year={2021}
}

@article{zhu2019graph,
  title={Variationally Regularized Graph-based Representation Learning for Electronic Health Records},
  author={Zhu, Weicheng and Razavian, Narges},
  journal={arXiv:1912.03761},
  year={2019}
}

@article{rocheteau2020temporal,
  title={Temporal Pointwise Convolutional Networks for Length of Stay Prediction in the Intensive Care Unit},
  author={Rocheteau, Emma and Li{\`o}, Pietro and Hyland, Stephanie},
  journal={arXiv:2007.09483},
  year={2020}
}

@article{de2018clinically,
  title={Clinically applicable deep learning for diagnosis and referral in retinal disease},
  author={De Fauw, Jeffrey and Ledsam, Joseph R and Romera-Paredes, Bernardino and Nikolov, Stanislav and Tomasev, Nenad and Blackwell, Sam and Askham, Harry and Glorot, Xavier and O’Donoghue, Brendan and Visentin, Daniel and others},
  journal={Nature Medicine},
  volume={24},
  number={9},
  pages={1342--1350},
  year={2018},
}

@article{cucurull2018convolutional,
  title={Convolutional neural networks for mesh-based parcellation of the cerebral cortex},
  author={Cucurull, Guillem and Wagstyl, Konrad and Casanova, Arantxa and Veli{\v{c}}kovi{\'c}, Petar and Jakobsen, Estrid and Drozdzal, Michal and Romero, Adriana and Evans, Alan and Bengio, Yoshua},
  year={2018}
}

@article{besson2020geometric,
  title={Geometric deep learning on brain shape predicts sex and age},
  author={Besson, Pierre and Parrish, Todd and Katsaggelos, Aggelos K and Bandt, S Kathleen},
  journal={BioRxiv:177543},
  year={2020},
}

@article{ribeiro2020deepretinotopy,
  title={DeepRetinotopy: Predicting the Functional Organization of Human Visual Cortex from Structural MRI Data using Geometric Deep Learning},
  author={Ribeiro, Fernanda L and Bollmann, Steffen and Puckett, Alexander M},
  journal={arXiv:2005.12513},
  year={2020}
}

@article{johnson2016mimic,
  title={MIMIC-III, a freely accessible critical care database},
  author={Johnson, Alistair EW and Pollard, Tom J and Shen, Lu and Li-Wei, H Lehman and Feng, Mengling and Ghassemi, Mohammad and Moody, Benjamin and Szolovits, Peter and Celi, Leo Anthony and Mark, Roger G},
  journal={Scientific Data},
  volume={3},
  number={1},
  pages={1--9},
  year={2016},
}

@article{pollard2018eicu,
  title={The eICU Collaborative Research Database, a freely available multi-center database for critical care research},
  author={Pollard, Tom J and Johnson, Alistair EW and Raffa, Jesse D and Celi, Leo A and Mark, Roger G and Badawi, Omar},
  journal={Scientific Data},
  volume={5},
  number={1},
  pages={1--13},
  year={2018},
}



@inproceedings{ktena2017distance,
  title={Distance metric learning using graph convolutional networks: Application to functional brain networks},
  author={Ktena, Sofia Ira and Parisot, Sarah and Ferrante, Enzo and Rajchl, Martin and Lee, Matthew and Glocker, Ben and Rueckert, Daniel},
  booktitle={MICCAI},
  year={2017},
}


@article{itani2021combining,
  title={Combining anatomical and functional networks for neuropathology identification: A case study on autism spectrum disorder},
  author={Itani, Sarah and Thanou, Dorina},
  journal={Medical Image Analysis},
  volume={69},
  pages={101986},
  year={2021},
}

@article{mahdi20203d,
  title={3D Facial Matching by Spiral Convolutional Metric Learning and a Biometric Fusion-Net of Demographic Properties},
  author={Mahdi, Soha Sadat and Nauwelaers, Nele and Joris, Philip and Bouritsas, Giorgos and Gong, Shunwang and Bokhnyak, Sergiy and Walsh, Susan and Shriver, Mark and Bronstein, Michael and Claes, Peter},
  journal={arXiv:2009.04746},
  year={2020}
}

@incollection{arslan2018graph,
  title={Graph saliency maps through spectral convolutional networks: Application to sex classification with brain connectivity},
  author={Arslan, Salim and Ktena, Sofia Ira and Glocker, Ben and Rueckert, Daniel},
  booktitle={Graphs in Biomedical Image Analysis and Integrating Medical Imaging and Non-Imaging Modalities},
  pages={3--13},
  year={2018},
}

@article{miller2016multimodal,
  title={Multimodal population brain imaging in the UK Biobank prospective epidemiological study},
  author={Miller, Karla L and Alfaro-Almagro, Fidel and Bangerter, Neal K and Thomas, David L and Yacoub, Essa and Xu, Junqian and Bartsch, Andreas J and Jbabdi, Saad and Sotiropoulos, Stamatios N and Andersson, Jesper LR and others},
  journal={Nature Neuroscience},
  volume={19},
  number={11},
  pages={1523--1536},
  year={2016},
}

@inproceedings{van2016pixel,
  title={Pixel recurrent neural networks},
  author={van den Oord, Aaron and Kalchbrenner, Nal and Kavukcuoglu, Koray},
  booktitle={ICML},
  year={2016},
}

@article{banach1922operations,
  title={Sur les op{\'e}rations dans les ensembles abstraits et leur application aux {\'e}quations int{\'e}grales},
  author={Banach, Stefan},
  journal={Fundamenta Mathematicae},
  volume={3},
  number={1},
  pages={133--181},
  year={1922}
}

@article{siegelmann1995computational,
  title={On the computational power of neural nets},
  author={Siegelmann, Hava T and Sontag, Eduardo D},
  journal={Journal of Computer and System Sciences},
  volume={50},
  number={1},
  pages={132--150},
  year={1995},
}

@inproceedings{pascanu2013difficulty,
  title={On the difficulty of training recurrent neural networks},
  author={Pascanu, Razvan and Mikolov, Tomas and Bengio, Yoshua},
  booktitle={ICML},
  year={2013},
}

@article{bengio1994learning,
  title={Learning long-term dependencies with gradient descent is difficult},
  author={Bengio, Yoshua and Simard, Patrice and Frasconi, Paolo},
  journal={IEEE Trans. Neural Networks},
  volume={5},
  number={2},
  pages={157--166},
  year={1994},
}

@article{graves2013generating,
  title={Generating sequences with recurrent neural networks},
  author={Graves, Alex},
  journal={arXiv:1308.0850},
  year={2013}
}

@article{tallec2018can,
  title={Can recurrent neural networks warp time?},
  author={Tallec, Corentin and Ollivier, Yann},
  journal={arXiv:1804.11188},
  year={2018}
}

@article{ba2016layer,
  title={Layer normalization},
  author={Ba, Jimmy Lei and Kiros, Jamie Ryan and Hinton, Geoffrey E},
  journal={arXiv:1607.06450},
  year={2016}
}


@phdthesis{hochreiter1991untersuchungen,
  title={Untersuchungen zu dynamischen neuronalen {N}etzen},
  author={Hochreiter, Sepp},
  school={Technische Universit{\"a}t M{\"u}nchen},
  year={1991}
}


@article{mozer1989focused,
  title={A focused back-propagation algorithm for temporal pattern recognition},
  author={Mozer, Michael C},
  journal={Complex Systems},
  volume={3},
  number={4},
  pages={349--381},
  year={1989}
}

@book{robinson1987utility,
  title={The utility driven dynamic error propagation network},
  author={Robinson, AJ and Fallside, Frank},
  year={1987},
  publisher={University of Cambridge}
}

@article{werbos1988generalization,
  title={Generalization of backpropagation with application to a recurrent gas market model},
  author={Werbos, Paul J},
  journal={Neural Networks},
  volume={1},
  number={4},
  pages={339--356},
  year={1988},
}

@article{alon2020bottleneck,
  title={On the bottleneck of graph neural networks and its practical implications},
  author={Alon, Uri and Yahav, Eran},
  journal={arXiv:2006.05205},
  year={2020}
}

@article{cohen2018spherical,
  title={Spherical cnns},
  author={Cohen, Taco S and Geiger, Mario and K{\"o}hler, Jonas and Welling, Max},
  journal={arXiv:1801.10130},
  year={2018}
}

@article{kingma2013auto,
  title={Auto-encoding variational bayes},
  author={Kingma, Diederik P and Welling, Max},
  journal={arXiv:1312.6114},
  year={2013}
}

@inproceedings{rezende2015variational,
  title={Variational inference with normalizing flows},
  author={Rezende, Danilo and Mohamed, Shakir},
  booktitle={ICML},
  year={2015},
}

@article{goodfellow2014generative,
  title={Generative adversarial networks},
  author={Goodfellow, Ian J and Pouget-Abadie, Jean and Mirza, Mehdi and Xu, Bing and Warde-Farley, David and Ozair, Sherjil and Courville, Aaron and Bengio, Yoshua},
  journal={arXiv:1406.2661},
  year={2014}
}

@article{kingma2014adam,
  title={Adam: A method for stochastic optimization},
  author={Kingma, Diederik P and Ba, Jimmy},
  journal={arXiv:1412.6980},
  year={2014}
}

@software{haris2018,
  author       = {Haris Iqbal},
  title        = {HarisIqbal88/PlotNeuralNet v1.0.0},
  month        = dec,
  year         = 2018,
  publisher    = {Zenodo},
  version      = {v1.0.0},
  doi          = {10.5281/zenodo.2526396},
  url          = {https://doi.org/10.5281/zenodo.2526396}
}

@article{chen2018neural,
  title={Neural ordinary differential equations},
  author={Chen, Ricky TQ and Rubanova, Yulia and Bettencourt, Jesse and Duvenaud, David},
  journal={arXiv:1806.07366},
  year={2018}
}

@article{hardt2016identity,
  title={Identity matters in deep learning},
  author={Hardt, Moritz and Ma, Tengyu},
  journal={arXiv:1611.04231},
  year={2016}
}

@article{ulyanov2016instance,
  title={Instance normalization: The missing ingredient for fast stylization},
  author={Ulyanov, Dmitry and Vedaldi, Andrea and Lempitsky, Victor},
  journal={arXiv:1607.08022},
  year={2016}
}

@article{cooijmans2016recurrent,
  title={Recurrent batch normalization},
  author={Cooijmans, Tim and Ballas, Nicolas and Laurent, C{\'e}sar and G{\"u}l{\c{c}}ehre, {\c{C}}a{\u{g}}lar and Courville, Aaron},
  journal={arXiv:1603.09025},
  year={2016}
}

@inproceedings{wu2018group,
  title={Group normalization},
  author={Wu, Yuxin and He, Kaiming},
  booktitle={ECCV},
  year={2018}
}

@article{salimans2016weight,
  title={Weight normalization: A simple reparameterization to accelerate training of deep neural networks},
  author={Salimans, Tim and Kingma, Diederik P},
  journal={arXiv:1602.07868},
  year={2016}
}

@article{santurkar2018does,
  title={How does batch normalization help optimization?},
  author={Santurkar, Shibani and Tsipras, Dimitris and Ilyas, Andrew and Madry, Aleksander},
  journal={arXiv:1805.11604},
  year={2018}
}

@inproceedings{lyu2008nonlinear,
  title={Nonlinear image representation using divisive normalization},
  author={Lyu, Siwei and Simoncelli, Eero P},
  booktitle={CVPR},
  year={2008},
}

@inproceedings{chen2020simple,
  title={A simple framework for contrastive learning of visual representations},
  author={Chen, Ting and Kornblith, Simon and Norouzi, Mohammad and Hinton, Geoffrey},
  booktitle={ICML},
  year={2020},
}

@article{grill2020bootstrap,
  title={Bootstrap your own latent: A new approach to self-supervised learning},
  author={Grill, Jean-Bastien and Strub, Florian and Altch{\'e}, Florent and Tallec, Corentin and Richemond, Pierre H and Buchatskaya, Elena and Doersch, Carl and Pires, Bernardo Avila and Guo, Zhaohan Daniel and Azar, Mohammad Gheshlaghi and others},
  journal={arXiv:2006.07733},
  year={2020}
}

@article{mitrovic2020representation,
  title={Representation Learning via Invariant Causal Mechanisms},
  author={Mitrovic, Jovana and McWilliams, Brian and Walker, Jacob and Buesing, Lars and Blundell, Charles},
  journal={arXiv:2010.07922},
  year={2020}
}

@article{mei2021learning,
  title={Learning with invariances in random features and kernel models},
  author={Mei, Song and Misiakiewicz, Theodor and Montanari, Andrea},
  journal={arXiv:2102.13219},
  year={2021}
}

@article{weiler20183d,
  title={3d steerable cnns: Learning rotationally equivariant features in volumetric data},
  author={Weiler, Maurice and Geiger, Mario and Welling, Max and Boomsma, Wouter and Cohen, Taco},
  journal={arXiv:1807.02547},
  year={2018}
}

@article{schutt2018schnet,
  title={SchNet--A deep learning architecture for molecules and materials},
  author={Sch{\"u}tt, Kristof T and Sauceda, Huziel E and Kindermans, P-J and Tkatchenko, Alexandre and M{\"u}ller, K-R},
  journal={The Journal of Chemical Physics},
  volume={148},
  number={24},
  pages={241722},
  year={2018},
  publisher={AIP Publishing LLC}
}

@article{klicpera2020directional,
  title={Directional message passing for molecular graphs},
  author={Klicpera, Johannes and Gro{\ss}, Janek and G{\"u}nnemann, Stephan},
  journal={arXiv:2003.03123},
  year={2020}
}

@inproceedings{finzi2020generalizing,
  title={Generalizing convolutional neural networks for equivariance to lie groups on arbitrary continuous data},
  author={Finzi, Marc and Stanton, Samuel and Izmailov, Pavel and Wilson, Andrew Gordon},
  booktitle={ICML},
  year={2020},
}

@article{hutchinson2020lietransformer,
  title={{LieTransformer}: Equivariant self-attention for {L}ie Groups},
  author={Hutchinson, Michael and Lan, Charline Le and Zaidi, Sheheryar and Dupont, Emilien and Teh, Yee Whye and Kim, Hyunjik},
  journal={arXiv:2012.10885},
  year={2020}
}

@article{folkman1967regular,
  title={Regular line-symmetric graphs},
  author={Folkman, Jon},
  journal={Journal of Combinatorial Theory},
  volume={3},
  number={3},
  pages={215--232},
  year={1967},
  publisher={Elsevier}
}