@article{albalak2024survey,
  title={A survey on data selection for language models},
  author={Albalak, Alon and Elazar, Yanai and Xie, Sang Michael and Longpre, Shayne and Lambert, Nathan and Wang, Xinyi and Muennighoff, Niklas and Hou, Bairu and Pan, Liangming and Jeong, Haewon and others},
  journal={arXiv preprint arXiv:2402.16827},
  year={2024}
}

@article{colson2007overview,
  title={An overview of bilevel optimization},
  author={Colson, Beno{\^\i}t and Marcotte, Patrice and Savard, Gilles},
  journal={Annals of operations research},
  volume={153},
  pages={235--256},
  year={2007},
  publisher={Springer}
}

@article{zhang2024introduction,
  title={An Introduction to Bilevel Optimization: Foundations and applications in signal processing and machine learning},
  author={Zhang, Yihua and Khanduri, Prashant and Tsaknakis, Ioannis and Yao, Yuguang and Hong, Mingyi and Liu, Sijia},
  journal={IEEE Signal Processing Magazine},
  volume={41},
  number={1},
  pages={38--59},
  year={2024},
  publisher={IEEE}
}

@article{liu2024regmix,
  title={RegMix: Data Mixture as Regression for Language Model Pre-training},
  author={Liu, Qian and Zheng, Xiaosen and Muennighoff, Niklas and Zeng, Guangtao and Dou, Longxu and Pang, Tianyu and Jiang, Jing and Lin, Min},
  journal={arXiv preprint arXiv:2407.01492},
  year={2024}
}


@inproceedings{mahmood2022much,
  title={How much more data do i need? estimating requirements for downstream tasks},
  author={Mahmood, Rafid and Lucas, James and Acuna, David and Li, Daiqing and Philion, Jonah and Alvarez, Jose M and Yu, Zhiding and Fidler, Sanja and Law, Marc T},
  booktitle={Proceedings of the IEEE/CVF Conference on Computer Vision and Pattern Recognition},
  pages={275--284},
  year={2022}
}
@article{liu2021investigating,
  title={Investigating bi-level optimization for learning and vision from a unified perspective: A survey and beyond},
  author={Liu, Risheng and Gao, Jiaxin and Zhang, Jin and Meng, Deyu and Lin, Zhouchen},
  journal={IEEE Transactions on Pattern Analysis and Machine Intelligence},
  volume={44},
  number={12},
  pages={10045--10067},
  year={2021},
  publisher={IEEE}
}

@article{rajpurkar2016squad,
  title={Squad: 100,000+ questions for machine comprehension of text},
  author={Rajpurkar, Pranav and Zhang, Jian and Lopyrev, Konstantin and Liang, Percy},
  journal={arXiv preprint arXiv:1606.05250},
  year={2016}
}

@article{llama3modelcard,
  title={Llama 3 Model Card},
  author={AI@Meta},
  year={2024},
  url = {https://github.com/meta-llama/llama3/blob/main/MODEL_CARD.md}
}

@inproceedings{tiong2024toward,
  title={Toward Data-driven Skill Identification for General-purpose Vision-language Models},
  author={Tiong, Anthony and Zhao, Junqi and Li, Junnan and Hoi, Steven and Xiong, Caiming and Li, Boyang},
  booktitle={ICLR 2024 Workshop on Navigating and Addressing Data Problems for Foundation Models}
}


@article{hoffmann2022training,
  title={Training compute-optimal large language models},
  author={Hoffmann, Jordan and Borgeaud, Sebastian and Mensch, Arthur and Buchatskaya, Elena and Cai, Trevor and Rutherford, Eliza and Casas, Diego de Las and Hendricks, Lisa Anne and Welbl, Johannes and Clark, Aidan and others},
  journal={arXiv preprint arXiv:2203.15556},
  year={2022}
}


@article{gadre2024language,
  title={Language models scale reliably with over-training and on downstream tasks},
  author={Gadre, Samir Yitzhak and Smyrnis, Georgios and Shankar, Vaishaal and Gururangan, Suchin and Wortsman, Mitchell and Shao, Rulin and Mercat, Jean and Fang, Alex and Li, Jeffrey and Keh, Sedrick and others},
  journal={arXiv preprint arXiv:2403.08540},
  year={2024}
}


@article{rae2021scaling,
  title={Scaling language models: Methods, analysis \& insights from training gopher},
  author={Rae, Jack W and Borgeaud, Sebastian and Cai, Trevor and Millican, Katie and Hoffmann, Jordan and Song, Francis and Aslanides, John and Henderson, Sarah and Ring, Roman and Young, Susannah and others},
  journal={arXiv preprint arXiv:2112.11446},
  year={2021}
}


@article{wettig2024qurating,
  title={QuRating: Selecting High-Quality Data for Training Language Models},
  author={Wettig, Alexander and Gupta, Aatmik and Malik, Saumya and Chen, Danqi},
  journal={arXiv preprint arXiv:2402.09739},
  year={2024}
}

@article{sagawa2019distributionally,
  title={Distributionally robust neural networks for group shifts: On the importance of regularization for worst-case generalization},
  author={Sagawa, Shiori and Koh, Pang Wei and Hashimoto, Tatsunori B and Liang, Percy},
  journal={arXiv preprint arXiv:1911.08731},
  year={2019}
}


@article{mahmood2022optimizing,
  title={Optimizing data collection for machine learning},
  author={Mahmood, Rafid and Lucas, James and Alvarez, Jose M and Fidler, Sanja and Law, Marc},
  journal={Advances in Neural Information Processing Systems},
  volume={35},
  pages={29915--29928},
  year={2022}
}

@article{kang2024get,
  title={Get more for less: Principled Data Selection for Warming Up Fine-Tuning in LLMs},
  author={Kang, Feiyang and Just, Hoang Anh and Sun, Yifan and Jahagirdar, Himanshu and Zhang, Yuanzhi and Du, Rongxing and Sahu, Anit Kumar and Jia, Ruoxi},
  journal={12th International Conference on Learning Representations, ICLR},
  year={2024}
}

@article{just2023asr,
  title={ASR data selection from multiple sources: A practical approach on performance scaling},
  author={Just, Hoang Anh and Chen, I-Fan and Kang, Feiyang and Zhang, Yuanzhi and Sahu, Anit Kumar and Jia, Ruoxi},
  journal={NeurIPS 2023 Workshop on Efficient Natural Language and Speech Processing (ENLSP)},
  year={2023}
}


@inproceedings{goyal2024science,
  title={The Science of Data Filtering: Data Curation cannot be Compute Agnostic},
  author={Goyal, Sachin and Maini, Pratyush and Lipton, Zachary Chase and Raghunathan, Aditi and Kolter, J Zico},
  booktitle={ICLR 2024 Workshop on Navigating and Addressing Data Problems for Foundation Models}
}

@article{sorscher2022beyond,
  title={Beyond neural scaling laws: beating power law scaling via data pruning},
  author={Sorscher, Ben and Geirhos, Robert and Shekhar, Shashank and Ganguli, Surya and Morcos, Ari},
  journal={Advances in Neural Information Processing Systems},
  volume={35},
  pages={19523--19536},
  year={2022}
}


@article{maini2024rephrasing,
  title={Rephrasing the Web: A Recipe for Compute and Data-Efficient Language Modeling},
  author={Maini, Pratyush and Seto, Skyler and Bai, He and Grangier, David and Zhang, Yizhe and Jaitly, Navdeep},
  journal={arXiv preprint arXiv:2401.16380},
  year={2024}
}

@article{schuhmann2021laion,
  title={Laion-400m: Open dataset of clip-filtered 400 million image-text pairs},
  author={Schuhmann, Christoph and Vencu, Richard and Beaumont, Romain and Kaczmarczyk, Robert and Mullis, Clayton and Katta, Aarush and Coombes, Theo and Jitsev, Jenia and Komatsuzaki, Aran},
  journal={arXiv preprint arXiv:2111.02114},
  year={2021}
}

@article{wang2024survey,
  title={A Survey on Data Selection for LLM Instruction Tuning},
  author={Wang, Jiahao and Zhang, Bolin and Du, Qianlong and Zhang, Jiajun and Chu, Dianhui},
  journal={arXiv preprint arXiv:2402.05123},
  year={2024}
}


@article{xie2024doremi,
  title={Doremi: Optimizing data mixtures speeds up language model pretraining},
  author={Xie, Sang Michael and Pham, Hieu and Dong, Xuanyi and Du, Nan and Liu, Hanxiao and Lu, Yifeng and Liang, Percy S and Le, Quoc V and Ma, Tengyu and Yu, Adams Wei},
  journal={Advances in Neural Information Processing Systems},
  volume={36},
  year={2024}
}

@article{chen2024skill,
  title={Skill-it! a data-driven skills framework for understanding and training language models},
  author={Chen, Mayee and Roberts, Nicholas and Bhatia, Kush and Wang, Jue and Zhang, Ce and Sala, Frederic and R{\'e}, Christopher},
  journal={Advances in Neural Information Processing Systems},
  volume={36},
  year={2024}
}

@article{ye2024data,
  title={Data Mixing Laws: Optimizing Data Mixtures by Predicting Language Modeling Performance},
  author={Ye, Jiasheng and Liu, Peiju and Sun, Tianxiang and Zhou, Yunhua and Zhan, Jun and Qiu, Xipeng},
  journal={arXiv preprint arXiv:2403.16952},
  year={2024}
}

@article{albalak2023efficient,
  title={Efficient online data mixing for language model pre-training},
  author={Albalak, Alon and Pan, Liangming and Raffel, Colin and Wang, William Yang},
  journal={arXiv preprint arXiv:2312.02406},
  year={2023}
}

@article{fan2023doge,
  title={Doge: Domain reweighting with generalization estimation},
  author={Fan, Simin and Pagliardini, Matteo and Jaggi, Martin},
  journal={arXiv preprint arXiv:2310.15393},
  year={2023}
}

@article{mckinzie2024mm1,
  title={Mm1: Methods, analysis \& insights from multimodal llm pre-training},
  author={McKinzie, Brandon and Gan, Zhe and Fauconnier, Jean-Philippe and Dodge, Sam and Zhang, Bowen and Dufter, Philipp and Shah, Dhruti and Du, Xianzhi and Peng, Futang and Weers, Floris and others},
  journal={arXiv preprint arXiv:2403.09611},
  year={2024}
}

@article{mehta2024openelm,
  title={OpenELM: An Efficient Language Model Family with Open-source Training and Inference Framework},
  author={Mehta, Sachin and Sekhavat, Mohammad Hossein and Cao, Qingqing and Horton, Maxwell and Jin, Yanzi and Sun, Chenfan and Mirzadeh, Iman and Najibi, Mahyar and Belenko, Dmitry and Zatloukal, Peter and others},
  journal={arXiv preprint arXiv:2404.14619},
  year={2024}
}

@article{soldaini2024dolma,
  title={Dolma: An Open Corpus of Three Trillion Tokens for Language Model Pretraining Research},
  author={Soldaini, Luca and Kinney, Rodney and Bhagia, Akshita and Schwenk, Dustin and Atkinson, David and Authur, Russell and Bogin, Ben and Chandu, Khyathi and Dumas, Jennifer and Elazar, Yanai and others},
  journal={arXiv preprint arXiv:2402.00159},
  year={2024}
}


@software{gpt-neo,
  author       = {Black, Sid and
                  Leo, Gao and
                  Wang, Phil and
                  Leahy, Connor and
                  Biderman, Stella},
  title        = {{GPT-Neo: Large Scale Autoregressive Language 
                   Modeling with Mesh-Tensorflow}},
  month        = mar,
  year         = 2021,
  publisher    = {Zenodo},
  version      = {1.0},
  doi          = {10.5281/zenodo.5297715},
  url          = {https://doi.org/10.5281/zenodo.5297715}
}

@article{gao2020pile,
  title={The Pile: An 800GB Dataset of Diverse Text for Language Modeling},
  author={Gao, Leo and Biderman, Stella and Black, Sid and Golding, Laurence and Hoppe, Travis and Foster, Charles and Phang, Jason and He, Horace and Thite, Anish and Nabeshima, Noa and others},
  journal={arXiv preprint arXiv:2101.00027},
  year={2020}
}

@inproceedings{reimers-2019-sentence-bert,
  title = "Sentence-BERT: Sentence Embeddings using Siamese BERT-Networks",
  author = "Reimers, Nils and Gurevych, Iryna",
  booktitle = "Proceedings of the 2019 Conference on Empirical Methods in Natural Language Processing",
  month = "11",
  year = "2019",
  publisher = "Association for Computational Linguistics",
  url = "https://arxiv.org/abs/1908.10084",
}

@article{redko2020survey,
  title={A survey on domain adaptation theory: learning bounds and theoretical guarantees},
  author={Redko, Ievgen and Morvant, Emilie and Habrard, Amaury and Sebban, Marc and Bennani, Youn{\`e}s},
  journal={arXiv preprint arXiv:2004.11829},
  year={2020}
}
@article{devlin2018bert,
  title={Bert: Pre-training of deep bidirectional transformers for language understanding},
  author={Devlin, Jacob and Chang, Ming-Wei and Lee, Kenton and Toutanova, Kristina},
  journal={arXiv preprint arXiv:1810.04805},
  year={2018}
}

@article{touvron2023llama,
  title={Llama: Open and efficient foundation language models},
  author={Touvron, Hugo and Lavril, Thibaut and Izacard, Gautier and Martinet, Xavier and Lachaux, Marie-Anne and Lacroix, Timoth{\'e}e and Rozi{\`e}re, Baptiste and Goyal, Naman and Hambro, Eric and Azhar, Faisal and others},
  journal={arXiv preprint arXiv:2302.13971},
  year={2023}
}

@article{wang2022pre,
  title={Pre-trained language models and their applications},
  author={Wang, Haifeng and Li, Jiwei and Wu, Hua and Hovy, Eduard and Sun, Yu},
  journal={Engineering},
  year={2022},
  publisher={Elsevier}
}

@inproceedings{koh2017understanding,
  title={Understanding black-box predictions via influence functions},
  author={Koh, Pang Wei and Liang, Percy},
  booktitle={International conference on machine learning},
  pages={1885--1894},
  year={2017},
  organization={PMLR}
}


@article{hernandez2021scaling,
  title={Scaling laws for transfer},
  author={Hernandez, Danny and Kaplan, Jared and Henighan, Tom and McCandlish, Sam},
  journal={arXiv preprint arXiv:2102.01293},
  year={2021}
}

@incollection{Bengio+chapter2007,
author = {Bengio, Yoshua and LeCun, Yann},
booktitle = {Large Scale Kernel Machines},
publisher = {MIT Press},
title = {Scaling Learning Algorithms Towards {AI}},
year = {2007}
}

@article{Hinton06,
author = {Hinton, Geoffrey E. and Osindero, Simon and Teh, Yee Whye},
journal = {Neural Computation},
pages = {1527--1554},
title = {A Fast Learning Algorithm for Deep Belief Nets},
volume = {18},
year = {2006}
}

@book{goodfellow2016deep,
title={Deep learning},
author={Goodfellow, Ian and Bengio, Yoshua and Courville, Aaron and Bengio, Yoshua},
volume={1},
year={2016},
publisher={MIT Press}
}

@article{mcguffie2020radicalization,
  title={The radicalization risks of GPT-3 and advanced neural language models},
  author={McGuffie, Kris and Newhouse, Alex},
  journal={arXiv preprint arXiv:2009.06807},
  year={2020}
}

@article{wallace2019universal,
  title={Universal adversarial triggers for attacking and analyzing NLP},
  author={Wallace, Eric and Feng, Shi and Kandpal, Nikhil and Gardner, Matt and Singh, Sameer},
  journal={arXiv preprint arXiv:1908.07125},
  year={2019}
}

@article{gehman2020realtoxicityprompts,
  title={Realtoxicityprompts: Evaluating neural toxic degeneration in language models},
  author={Gehman, Samuel and Gururangan, Suchin and Sap, Maarten and Choi, Yejin and Smith, Noah A},
  journal={arXiv preprint arXiv:2009.11462},
  year={2020}
}

@article{wang2022exploring,
  title={Exploring the limits of domain-adaptive training for detoxifying large-scale language models},
  author={Wang, Boxin and Ping, Wei and Xiao, Chaowei and Xu, Peng and Patwary, Mostofa and Shoeybi, Mohammad and Li, Bo and Anandkumar, Anima and Catanzaro, Bryan},
  journal={Advances in Neural Information Processing Systems},
  volume={35},
  pages={35811--35824},
  year={2022}
}

@article{wang2023decodingtrust,
  title={DecodingTrust: A Comprehensive Assessment of Trustworthiness in GPT Models},
  author={Wang, Boxin and Chen, Weixin and Pei, Hengzhi and Xie, Chulin and Kang, Mintong and Zhang, Chenhui and Xu, Chejian and Xiong, Zidi and Dutta, Ritik and Schaeffer, Rylan and others},
  journal={arXiv preprint arXiv:2306.11698},
  year={2023}
}

@article{holtzman2019curious,
  title={The curious case of neural text degeneration},
  author={Holtzman, Ari and Buys, Jan and Du, Li and Forbes, Maxwell and Choi, Yejin},
  journal={arXiv preprint arXiv:1904.09751},
  year={2019}
}

@misc{Gokaslan2019OpenWeb,  
	title={OpenWebText Corpus},
	author={Aaron Gokaslan and Vanya Cohen},
	howpublished={\url{http://Skylion007.github.io/OpenWebTextCorpus}}, 
	year={2019}
}

@ONLINE {wikidump,
    author = "Wikimedia Foundation",
    title  = "Wikimedia Downloads",
    url    = "https://dumps.wikimedia.org"
}


@inproceedings{maas2011learning,
  title={Learning word vectors for sentiment analysis},
  author={Maas, Andrew and Daly, Raymond E and Pham, Peter T and Huang, Dan and Ng, Andrew Y and Potts, Christopher},
  booktitle={Proceedings of the 49th annual meeting of the association for computational linguistics: Human language technologies},
  pages={142--150},
  year={2011}
}

@article{lecun1998mnist,
  title={The MNIST database of handwritten digits},
  author={LeCun, Yann},
  journal={http://yann. lecun. com/exdb/mnist/},
  year={1998}
}


@article{russakovsky2015imagenet,
  title={Imagenet large scale visual recognition challenge},
  author={Russakovsky, Olga and Deng, Jia and Su, Hao and Krause, Jonathan and Satheesh, Sanjeev and Ma, Sean and Huang, Zhiheng and Karpathy, Andrej and Khosla, Aditya and Bernstein, Michael and others},
  journal={International journal of computer vision},
  volume={115},
  pages={211--252},
  year={2015},
  publisher={Springer}
}

@inproceedings{yu2020bdd100k,
  title={Bdd100k: A diverse driving dataset for heterogeneous multitask learning},
  author={Yu, Fisher and Chen, Haofeng and Wang, Xin and Xian, Wenqi and Chen, Yingying and Liu, Fangchen and Madhavan, Vashisht and Darrell, Trevor},
  booktitle={Proceedings of the IEEE/CVF conference on computer vision and pattern recognition},
  pages={2636--2645},
  year={2020}
}

@article{hochreiter1997long,
  title={Long short-term memory},
  author={Hochreiter, Sepp and Schmidhuber, J{\"u}rgen},
  journal={Neural computation},
  volume={9},
  number={8},
  pages={1735--1780},
  year={1997},
  publisher={MIT press}
}

@inproceedings{he2016identity,
  title={Identity mappings in deep residual networks},
  author={He, Kaiming and Zhang, Xiangyu and Ren, Shaoqing and Sun, Jian},
  booktitle={Computer Vision--ECCV 2016: 14th European Conference, Amsterdam, The Netherlands, October 11--14, 2016, Proceedings, Part IV 14},
  pages={630--645},
  year={2016},
  organization={Springer}
}

@article{ren2015faster,
  title={Faster r-cnn: Towards real-time object detection with region proposal networks},
  author={Ren, Shaoqing and He, Kaiming and Girshick, Ross and Sun, Jian},
  journal={Advances in neural information processing systems},
  volume={28},
  year={2015}
}

@inproceedings{lin2014microsoft,
  title={Microsoft coco: Common objects in context},
  author={Lin, Tsung-Yi and Maire, Michael and Belongie, Serge and Hays, James and Perona, Pietro and Ramanan, Deva and Doll{\'a}r, Piotr and Zitnick, C Lawrence},
  booktitle={Computer Vision--ECCV 2014: 13th European Conference, Zurich, Switzerland, September 6-12, 2014, Proceedings, Part V 13},
  pages={740--755},
  year={2014},
  organization={Springer}
}

@inproceedings{he2016deep,
  title={Deep residual learning for image recognition},
  author={He, Kaiming and Zhang, Xiangyu and Ren, Shaoqing and Sun, Jian},
  booktitle={Proceedings of the IEEE conference on computer vision and pattern recognition},
  pages={770--778},
  year={2016}
}

@article{salimans2018improving,
  title={Improving GANs using optimal transport},
  author={Salimans, Tim and Zhang, Han and Radford, Alec and Metaxas, Dimitris},
  journal={arXiv preprint arXiv:1803.05573},
  year={2018}
}
@article{courty2017joint,
  title={Joint distribution optimal transportation for domain adaptation},
  author={Courty, Nicolas and Flamary, R{\'e}mi and Habrard, Amaury and Rakotomamonjy, Alain},
  journal={Advances in neural information processing systems},
  volume={30},
  year={2017}
}


@inproceedings{wu2022davinz,
  title={DAVINZ: Data valuation using deep neural networks at initialization},
  author={Wu, Zhaoxuan and Shu, Yao and Low, Bryan Kian Hsiang},
  booktitle={International Conference on Machine Learning},
  pages={24150--24176},
  year={2022},
  organization={PMLR}
}
@inproceedings{mirzasoleiman2020coresets,
  title={Coresets for data-efficient training of machine learning models},
  author={Mirzasoleiman, Baharan and Bilmes, Jeff and Leskovec, Jure},
  booktitle={International Conference on Machine Learning},
  pages={6950--6960},
  year={2020},
  organization={PMLR}
}

@article{lu2020robust,
  title={Robust coreset construction for distributed machine learning},
  author={Lu, Hanlin and Li, Ming-Ju and He, Ting and Wang, Shiqiang and Narayanan, Vijaykrishnan and Chan, Kevin S},
  journal={IEEE Journal on Selected Areas in Communications},
  volume={38},
  number={10},
  pages={2400--2417},
  year={2020},
  publisher={IEEE}
}


@article{pruthi2020estimating,
  title={Estimating training data influence by tracing gradient descent},
  author={Pruthi, Garima and Liu, Frederick and Kale, Satyen and Sundararajan, Mukund},
  journal={Advances in Neural Information Processing Systems},
  volume={33},
  pages={19920--19930},
  year={2020}
}



@article{bachem2017practical,
  title={Practical coreset constructions for machine learning},
  author={Bachem, Olivier and Lucic, Mario and Krause, Andreas},
  journal={arXiv preprint arXiv:1703.06476},
  year={2017}
}




@article{baek2022agreement,
  title={Agreement-on-the-line: Predicting the performance of neural networks under distribution shift},
  author={Baek, Christina and Jiang, Yiding and Raghunathan, Aditi and Kolter, J Zico},
  journal={Advances in Neural Information Processing Systems},
  volume={35},
  pages={19274--19289},
  year={2022}
}


@article{alabdulmohsin2022revisiting,
  title={Revisiting neural scaling laws in language and vision},
  author={Alabdulmohsin, Ibrahim M and Neyshabur, Behnam and Zhai, Xiaohua},
  journal={Advances in Neural Information Processing Systems},
  volume={35},
  pages={22300--22312},
  year={2022}
}

@article{shi2022efficiently,
  title={Efficiently computing local Lipschitz constants of neural networks via bound propagation},
  author={Shi, Zhouxing and Wang, Yihan and Zhang, Huan and Kolter, J Zico and Hsieh, Cho-Jui},
  journal={Advances in Neural Information Processing Systems},
  volume={35},
  pages={2350--2364},
  year={2022}
}

@article{bahri2021explaining,
  title={Explaining neural scaling laws},
  author={Bahri, Yasaman and Dyer, Ethan and Kaplan, Jared and Lee, Jaehoon and Sharma, Utkarsh},
  journal={arXiv preprint arXiv:2102.06701},
  year={2021}
}

@article{cohen2019universal,
  title={Universal lipschitz approximation in bounded depth neural networks},
  author={Cohen, Jeremy EJ and Huster, Todd and Cohen, Ra},
  journal={arXiv preprint arXiv:1904.04861},
  year={2019}
}

@inproceedings{anil2019sorting,
  title={Sorting out Lipschitz function approximation},
  author={Anil, Cem and Lucas, James and Grosse, Roger},
  booktitle={International Conference on Machine Learning},
  pages={291--301},
  year={2019},
  organization={PMLR}
}


@article{edwards2011kantorovich,
  title={On the kantorovich--rubinstein theorem},
  author={Edwards, David A},
  journal={Expositiones Mathematicae},
  volume={29},
  number={4},
  pages={387--398},
  year={2011},
  publisher={Elsevier}
}

@misc{Authors14,
 author = {Full Author Name},
 title = {The Frobnicatable Foo Filter},
 note = {Face and Gesture  submission ID 324. Supplied as additional material {\tt fg324.pdf}},
 year = 2014
}

@misc{Authors14b,
 author = {Full Author Name},
 title = {Frobnication Tutorial},
 note = {Supplied as additional material {\tt tr.pdf}},
 year = 2014
}

@article{Alpher02,
author = {Alvin Alpher},
title = {Frobnication},
journal = {Journal of Foo},
volume = 12, 
number = 1, 
pages = {234--778}, 
year = 2002
}
@misc{Datarade,
    title = {Datarade},
    howpublished = {\url{https://datarade.ai/}}
}

@misc{Innodata,
    title = {Innodata},
    howpublished = {\url{https://innodata.com/ai-data-marketplace/}}
}

@misc{Quandl,
    author = {Quandl},
    year = {2022},
    title = {Quandl},
    howpublished = {\url{https://data.nasdaq.com/}}
}

@article{Alpher03,
author = {Alvin Alpher and Ferris P.~N. Fotheringham-Smythe},
title = {Frobnication Revisited},
journal = {Journal of Foo},
volume = 13, 
number = 1, 
pages = {234--778}, 
year = 2003
}

@article{Alpher04,
author = {Alvin Alpher and Ferris P.~N. Fotheringham-Smythe and Gavin Gamow},
title = {Can a Machine Frobnicate?},
journal = {Journal of Foo},
volume = 14, 
number = 1, 
pages = {234--778}, 
year = 2004
}

@inproceedings{hashimoto2021model,
  title={Model performance scaling with multiple data sources},
  author={Hashimoto, Tatsunori},
  booktitle={International Conference on Machine Learning},
  pages={4107--4116},
  year={2021},
  organization={PMLR}
}

@article{cao2021scalable,
  title={Scalable Neural Data Server: A Data Recommender for Transfer Learning},
  author={Cao, Tianshi and Doubov, Sasha Alexandre and Acuna, David and Fidler, Sanja},
  journal={Advances in Neural Information Processing Systems},
  volume={34},
  pages={8984--8997},
  year={2021}
}

@inproceedings{zeng2023modelpred,
  title={ModelPred: A Framework for Predicting Trained Model from Training Data},
  author={Zeng, Yingyan and Wang, Tianhao and Chen, Si and Just, Hoang Anh and Jin, Ran and Jia, Ruoxi},
  booktitle={First IEEE Conference on Secure and Trustworthy Machine Learning},
  year={2023}
}

@inproceedings{guo2022deepcore,
  title={Deepcore: A comprehensive library for coreset selection in deep learning},
  author={Guo, Chengcheng and Zhao, Bo and Bai, Yanbing},
  booktitle={Database and Expert Systems Applications: 33rd International Conference, DEXA 2022, Vienna, Austria, August 22--24, 2022, Proceedings, Part I},
  pages={181--195},
  year={2022},
  organization={Springer}
}

@article{settles2012active,
  title={Active learning: Synthesis lectures on artificial intelligence and machine learning},
  author={Settles, Burr},
  journal={Long Island, NY: Morgan \& Clay Pool},
  volume={10},
  pages={S00429ED1V01Y201207AIM018},
  year={2012}
}

@article{goldblum2022dataset,
  title={Dataset security for machine learning: Data poisoning, backdoor attacks, and defenses},
  author={Goldblum, Micah and Tsipras, Dimitris and Xie, Chulin and Chen, Xinyun and Schwarzschild, Avi and Song, Dawn and M{\k{a}}dry, Aleksander and Li, Bo and Goldstein, Tom},
  journal={IEEE Transactions on Pattern Analysis and Machine Intelligence},
  volume={45},
  number={2},
  pages={1563--1580},
  year={2022},
  publisher={IEEE}
}

@inproceedings{shen2018wasserstein,
  title={Wasserstein distance guided representation learning for domain adaptation},
  author={Shen, Jian and Qu, Yanru and Zhang, Weinan and Yu, Yong},
  booktitle={Proceedings of the AAAI Conference on Artificial Intelligence},
  volume={32},
  number={1},
  year={2018}
}
@article{elisseeff2003leave,
  title={Leave-one-out error and stability of learning algorithms with applications},
  author={Elisseeff, Andr{\'e} and Pontil, Massimiliano and others},
  journal={NATO science series sub series iii computer and systems sciences},
  volume={190},
  pages={111--130},
  year={2003},
  publisher={IOS press}
}

@inproceedings{just2023lava,
  title={LAVA: Data Valuation without Pre-Specified Learning Algorithms},
  author={Just, Hoang Anh and Kang, Feiyang and Wang, Tianhao and Zeng, Yi and Ko, Myeongseob and Jin, Ming and Jia, Ruoxi },
  booktitle={11th International Conference on Learning Representations, ICLR},
  pages={to appear},
  year={2023}
}

@article{cummings2022optimal,
  title={Optimal data acquisition with privacy-aware agents},
  author={Cummings, Rachel and Elzayn, Hadi and Gkatzelis, Vasilis and Pountourakis, Emmanouil and Ziani, Juba},
  journal={arXiv preprint arXiv:2209.06340},
  year={2022}
}

@article{karimireddy2022mechanisms,
  title={Mechanisms that Incentivize Data Sharing in Federated Learning},
  author={Karimireddy, Sai Praneeth and Guo, Wenshuo and Jordan, Michael I},
  journal={arXiv preprint arXiv:2207.04557},
  year={2022}
}

@article{mazumder2022dataperf,
  title={Dataperf: Benchmarks for data-centric ai development},
  author={Mazumder, Mark and Banbury, Colby and Yao, Xiaozhe and Karla{\v{s}}, Bojan and Rojas, William Gaviria and Diamos, Sudnya and Diamos, Greg and He, Lynn and Kiela, Douwe and Jurado, David and others},
  journal={arXiv preprint arXiv:2207.10062},
  year={2022}
}

@article{Liu2019RoBERTaAR,
  title={RoBERTa: A Robustly Optimized BERT Pretraining Approach},
  author={Yinhan Liu and Myle Ott and Naman Goyal and Jingfei Du and Mandar Joshi and Danqi Chen and Omer Levy and Mike Lewis and Luke Zettlemoyer and Veselin Stoyanov},
  journal={ArXiv},
  year={2019},
  volume={abs/1907.11692},
  url={https://api.semanticscholar.org/CorpusID:198953378}
}

@article{ouyang2022training,
  title={Training language models to follow instructions with human feedback},
  author={Ouyang, Long and Wu, Jeffrey and Jiang, Xu and Almeida, Diogo and Wainwright, Carroll and Mishkin, Pamela and Zhang, Chong and Agarwal, Sandhini and Slama, Katarina and Ray, Alex and others},
  journal={Advances in Neural Information Processing Systems},
  volume={35},
  pages={27730--27744},
  year={2022}
}


@inproceedings{kawano2022partial,
  title={Partial Wasserstein Covering},
  author={Kawano, Keisuke and Koide, Satoshi and Otaki, Keisuke},
  booktitle={Proceedings of the AAAI Conference on Artificial Intelligence},
  volume={36},
  number={7},
  pages={7115--7123},
  year={2022}
}

@article{ilyas2022datamodels,
  title={Datamodels: Predicting predictions from training data},
  author={Ilyas, Andrew and Park, Sung Min and Engstrom, Logan and Leclerc, Guillaume and Madry, Aleksander},
  journal={arXiv preprint arXiv:2202.00622},
  year={2022}
}

@article{park2023trak,
  title={TRAK: Attributing Model Behavior at Scale},
  author={Park, Sung Min and Georgiev, Kristian and Ilyas, Andrew and Leclerc, Guillaume and Madry, Aleksander},
  journal={arXiv preprint arXiv:2303.14186},
  year={2023}
}

@inproceedings{yan2020neural,
  title={Neural data server: A large-scale search engine for transfer learning data},
  author={Yan, Xi and Acuna, David and Fidler, Sanja},
  booktitle={Proceedings of the IEEE/CVF Conference on Computer Vision and Pattern Recognition},
  pages={3893--3902},
  year={2020}
}

@article{rosenfeld2019constructive,
  title={A constructive prediction of the generalization error across scales},
  author={Rosenfeld, Jonathan S and Rosenfeld, Amir and Belinkov, Yonatan and Shavit, Nir},
  journal={arXiv preprint arXiv:1909.12673},
  year={2019}
}

@article{rachev1990duality,
  title={Duality theorems for Kantorovich-Rubinstein and Wasserstein functionals},
  author={Rachev, Svetlozar Todorov and others},
  year={1990},
  publisher={Instytut Matematyczny Polskiej Akademi Nauk (Warszawa)}
}

@article{claici2018wasserstein,
  title={Wasserstein measure coresets},
  author={Claici, Sebastian and Genevay, Aude and Solomon, Justin},
  journal={arXiv preprint arXiv:1805.07412},
  year={2018}
}

@incollection{Bengio+chapter2007,
author = {Bengio, Yoshua and LeCun, Yann},
booktitle = {Large Scale Kernel Machines},
publisher = {MIT Press},
title = {Scaling Learning Algorithms Towards {AI}},
year = {2007}
}

@misc{amazon2019machine,
author = {AWS, Amazon Web Services Inc.},
title = {Amazon SageMaker Data Labeling Pricing },
note = {Retrieved September 28, 2022, from https://aws.amazon.com/sagemaker/data-labeling/pricing/},
year = {2019}
}

@article{Hinton06,
author = {Hinton, Geoffrey E. and Osindero, Simon and Teh, Yee Whye},
journal = {Neural Computation},
pages = {1527--1554},
title = {A Fast Learning Algorithm for Deep Belief Nets},
volume = {18},
year = {2006}
}

@book{goodfellow2016deep,
title={Deep learning},
author={Goodfellow, Ian and Bengio, Yoshua and Courville, Aaron and Bengio, Yoshua},
volume={1},
year={2016},
publisher={MIT Press}
}

@inproceedings{sinha2018certifying,
  title={Certifying Some Distributional Robustness with Principled Adversarial Training},
  author={Sinha, Aman and Namkoong, Hongseok and Duchi, John},
  booktitle={International Conference on Learning Representations},
  year={2018}
}

@inproceedings{ge2021ota,
  title={Ota: Optimal transport assignment for object detection},
  author={Ge, Zheng and Liu, Songtao and Li, Zeming and Yoshie, Osamu and Sun, Jian},
  booktitle={Proceedings of the IEEE/CVF Conference on Computer Vision and Pattern Recognition},
  pages={303--312},
  year={2021}
}


@article{ben2014domain,
  title={Domain adaptation--can quantity compensate for quality?},
  author={Ben-David, Shai and Urner, Ruth},
  journal={Annals of Mathematics and Artificial Intelligence},
  volume={70},
  number={3},
  pages={185--202},
  year={2014},
  publisher={Springer}
}


@inproceedings{sener2018active,
  title={Active Learning for Convolutional Neural Networks: A Core-Set Approach},
  author={Sener, Ozan and Savarese, Silvio},
  booktitle={International Conference on Learning Representations},
  year={2018}
}

@inproceedings{thai2009improving,
  title={Improving academic performance prediction by dealing with class imbalance},
  author={Thai-Nghe, Nguyen and Busche, Andre and Schmidt-Thieme, Lars},
  booktitle={2009 Ninth international conference on intelligent systems design and applications},
  pages={878--883},
  year={2009},
  organization={IEEE}
}

@book{villani2009optimal,
  title={Optimal transport: old and new},
  author={Villani, C{\'e}dric},
  volume={338},
  year={2009},
  publisher={Springer}
}



@inproceedings{genevay2018learning,
  title={Learning generative models with sinkhorn divergences},
  author={Genevay, Aude and Peyr{\'e}, Gabriel and Cuturi, Marco},
  booktitle={International Conference on Artificial Intelligence and Statistics},
  pages={1608--1617},
  year={2018},
  organization={PMLR}
}

@inproceedings{feydy2019interpolating,
  title={Interpolating between optimal transport and mmd using sinkhorn divergences},
  author={Feydy, Jean and S{\'e}journ{\'e}, Thibault and Vialard, Fran{\c{c}}ois-Xavier and Amari, Shun-ichi and Trouv{\'e}, Alain and Peyr{\'e}, Gabriel},
  booktitle={The 22nd International Conference on Artificial Intelligence and Statistics},
  pages={2681--2690},
  year={2019},
  organization={PMLR}
}

@inproceedings{kantorovich1942translocation,
  title={On the translocation of masses},
  author={Kantorovich, Leonid V},
  booktitle={Dokl. Akad. Nauk. USSR (NS)},
  volume={37},
  pages={199--201},
  year={1942}
}

@article{szekely2005hierarchical,
  title={Hierarchical clustering via joint between-within distances: Extending Ward's minimum variance method},
  author={Szekely, Gabor J and Rizzo, Maria L and others},
  journal={Journal of classification},
  volume={22},
  number={2},
  pages={151--184},
  year={2005},
  publisher={New York: Published for the Classification Society of North America by~…}
}


@article{monge1781memoire,
  title={M{\'e}moire sur la th{\'e}orie des d{\'e}blais et des remblais},
  author={Monge, Gaspard},
  journal={Histoire de l'Acad{\'e}mie Royale des Sciences de Paris},
  year={1781}
}

@article{kullback1951information,
  title={On information and sufficiency},
  author={Kullback, Solomon and Leibler, Richard A},
  journal={The annals of mathematical statistics},
  volume={22},
  number={1},
  pages={79--86},
  year={1951},
  publisher={JSTOR}
}

@article{bonneel2016wasserstein,
  title={Wasserstein barycentric coordinates: histogram regression using optimal transport.},
  author={Bonneel, Nicolas and Peyr{\'e}, Gabriel and Cuturi, Marco},
  journal={ACM Trans. Graph.},
  volume={35},
  number={4},
  pages={71--1},
  year={2016}
}

@article{flamary2016optimal,
  title={Optimal transport for domain adaptation},
  author={Flamary, R and Courty, N and Tuia, D and Rakotomamonjy, A},
  journal={IEEE Trans. Pattern Anal. Mach. Intell},
  volume={1},
  year={2016}
}

@article{goodfellow2014generative,
  title={Generative adversarial nets},
  author={Goodfellow, Ian and Pouget-Abadie, Jean and Mirza, Mehdi and Xu, Bing and Warde-Farley, David and Ozair, Sherjil and Courville, Aaron and Bengio, Yoshua},
  journal={Advances in neural information processing systems},
  volume={27},
  year={2014}
}

@article{rubner2000earth,
  title={The earth mover's distance as a metric for image retrieval},
  author={Rubner, Yossi and Tomasi, Carlo and Guibas, Leonidas J},
  journal={International journal of computer vision},
  volume={40},
  number={2},
  pages={99--121},
  year={2000},
  publisher={Springer}
}

@article{alvarez2020geometric,
  title={Geometric dataset distances via optimal transport},
  author={Alvarez-Melis, David and Fusi, Nicolo},
  journal={Advances in Neural Information Processing Systems},
  volume={33},
  pages={21428--21439},
  year={2020}
}

@inproceedings{weed2018explicit,
  title={An explicit analysis of the entropic penalty in linear programming},
  author={Weed, Jonathan},
  booktitle={Conference On Learning Theory},
  pages={1841--1855},
  year={2018},
  organization={PMLR}
}

@article{cuturi2013sinkhorn,
  title={Sinkhorn distances: Lightspeed computation of optimal transport},
  author={Cuturi, Marco},
  journal={Advances in neural information processing systems},
  volume={26},
  year={2013}
}

@book{villani2021topics,
  title={Topics in optimal transportation},
  author={Villani, C{\'e}dric},
  volume={58},
  year={2021},
  publisher={American Mathematical Soc.}
}

@book{bertsimas1997introduction,
  title={Introduction to linear optimization},
  author={Bertsimas, Dimitris and Tsitsiklis, John N},
  volume={6},
  year={1997},
  publisher={Athena Scientific Belmont, MA}
}


@article{bertsekas1997nonlinear,
  title={Nonlinear programming},
  author={Bertsekas, Dimitri P},
  journal={Journal of the Operational Research Society},
  volume={48},
  number={3},
  pages={334--334},
  year={1997},
  publisher={Taylor \& Francis}
}

@inproceedings{kim2022generalized,
  title={Generalized Zero-Shot Learning Using Conditional Wasserstein Autoencoder},
  author={Kim, Junhan and Shim, Byonghyo},
  booktitle={ICASSP 2022-2022 IEEE International Conference on Acoustics, Speech and Signal Processing (ICASSP)},
  pages={3413--3417},
  year={2022},
  organization={IEEE}
}


@misc{shapley1953value,
  title={A value for n-person games, Contributions to the Theory of Games, 2, 307--317},
  author={Shapley, Lloyd S},
  year={1953},
  publisher={Princeton University Press, Princeton, NJ, USA}
}

@inproceedings{zaeri2018feature,
  title={A feature selection method based on shapley value to false alarm reduction in icus a genetic-algorithm approach},
  author={Zaeri-Amirani, Mohammad and Afghah, Fatemeh and Mousavi, Sajad},
  booktitle={2018 40th Annual International Conference of the IEEE Engineering in Medicine and Biology Society (EMBC)},
  pages={319--323},
  year={2018},
  organization={IEEE}
}

@article{lundberg2017unified,
  title={A unified approach to interpreting model predictions},
  author={Lundberg, Scott M and Lee, Su-In},
  journal={Advances in neural information processing systems},
  volume={30},
  year={2017}
}

@article{covert2021explaining,
  title={Explaining by removing: A unified framework for model explanation},
  author={Covert, Ian and Lundberg, Scott and Lee, Su-In},
  journal={Journal of Machine Learning Research},
  volume={22},
  number={209},
  pages={1--90},
  year={2021}
}

@article{deng2012mnist,
  title={The mnist database of handwritten digit images for machine learning research},
  author={Deng, Li},
  journal={IEEE Signal Processing Magazine},
  volume={29},
  number={6},
  pages={141--142},
  year={2012},
  publisher={IEEE}
} 

@inproceedings{ghorbani2019data,
  title={Data shapley: Equitable valuation of data for machine learning},
  author={Ghorbani, Amirata and Zou, James},
  booktitle={International Conference on Machine Learning},
  pages={2242--2251},
  year={2019},
  organization={PMLR}
}

@article{christiano2017deep,
  title={Deep reinforcement learning from human preferences},
  author={Christiano, Paul F and Leike, Jan and Brown, Tom and Martic, Miljan and Legg, Shane and Amodei, Dario},
  journal={Advances in neural information processing systems},
  volume={30},
  year={2017}
}

@article{chen2017targeted,
  title={Targeted backdoor attacks on deep learning systems using data poisoning},
  author={Chen, Xinyun and Liu, Chang and Li, Bo and Lu, Kimberly and Song, Dawn},
  journal={arXiv preprint arXiv:1712.05526},
  year={2017}
}
@inproceedings{Stallkamp-IJCNN-2011,
    author = {Johannes Stallkamp and Marc Schlipsing and Jan Salmen and Christian Igel},
    booktitle = {IEEE International Joint Conference on Neural Networks},
    title = {The {G}erman {T}raffic {S}ign {R}ecognition {B}enchmark: A multi-class classification competition},
    year = {2011},
    pages = {1453--1460}
}
@article{chen2018shapley,
  title={L-shapley and c-shapley: Efficient model interpretation for structured data},
  author={Chen, Jianbo and Song, Le and Wainwright, Martin J and Jordan, Michael I},
  journal={arXiv preprint arXiv:1808.02610},
  year={2018}
}

@article{jia2019efficient,
  title={Efficient task-specific data valuation for nearest neighbor algorithms},
  author={Jia, Ruoxi and Dao, David and Wang, Boxin and Hubis, Frances Ann and Gurel, Nezihe Merve and Li, Bo and Zhang, Ce and Spanos, Costas J and Song, Dawn},
  journal={arXiv preprint arXiv:1908.08619},
  year={2019}
}

@inproceedings{jia2019towards,
  title={Towards efficient data valuation based on the shapley value},
  author={Jia, Ruoxi and Dao, David and Wang, Boxin and Hubis, Frances Ann and Hynes, Nick and G{\"u}rel, Nezihe Merve and Li, Bo and Zhang, Ce and Song, Dawn and Spanos, Costas J},
  booktitle={The 22nd International Conference on Artificial Intelligence and Statistics},
  pages={1167--1176},
  year={2019},
  organization={PMLR}
}

@article{gul1989bargaining,
  title={Bargaining foundations of Shapley value},
  author={Gul, Faruk},
  journal={Econometrica: Journal of the Econometric Society},
  pages={81--95},
  year={1989},
  publisher={JSTOR}
}

@article{dubey1982price,
  title={Price-quantity strategic market games},
  author={Dubey, Pradeep},
  journal={Econometrica: Journal of the Econometric Society},
  pages={111--126},
  year={1982},
  publisher={JSTOR}
}

@inproceedings{ghorbani2020distributional,
  title={A distributional framework for data valuation},
  author={Ghorbani, Amirata and Kim, Michael and Zou, James},
  booktitle={International Conference on Machine Learning},
  pages={3535--3544},
  year={2020},
  organization={PMLR}
}

@inproceedings{kwon2021efficient,
  title={Efficient computation and analysis of distributional Shapley values},
  author={Kwon, Yongchan and Rivas, Manuel A and Zou, James},
  booktitle={International Conference on Artificial Intelligence and Statistics},
  pages={793--801},
  year={2021},
  organization={PMLR}
}
@article{kwon2021beta,
  title={Beta Shapley: a Unified and Noise-reduced Data Valuation Framework for Machine Learning},
  author={Kwon, Yongchan and Zou, James},
  journal={arXiv preprint arXiv:2110.14049},
  year={2021}
}

@inproceedings{yan2021if,
  title={If you like shapley then you’ll love the core},
  author={Yan, Tom and Procaccia, Ariel D},
  booktitle={Proceedings of the AAAI Conference on Artificial Intelligence},
  volume={35},
  number={6},
  pages={5751--5759},
  year={2021}
}


@article{villani2008stability,
  title={Stability of a 4th-order curvature condition arising in optimal transport theory},
  author={Villani, C{\'e}dric},
  journal={Journal of Functional Analysis},
  volume={255},
  number={9},
  pages={2683--2708},
  year={2008},
  publisher={Elsevier}
}

@inproceedings{rusak2020simple,
  title={A simple way to make neural networks robust against diverse image corruptions},
  author={Rusak, Evgenia and Schott, Lukas and Zimmermann, Roland S and Bitterwolf, Julian and Bringmann, Oliver and Bethge, Matthias and Brendel, Wieland},
  booktitle={European Conference on Computer Vision},
  pages={53--69},
  year={2020},
  organization={Springer}
}

@article{northcutt2021pervasive,
  title={Pervasive label errors in test sets destabilize machine learning benchmarks},
  author={Northcutt, Curtis G and Athalye, Anish and Mueller, Jonas},
  journal={arXiv preprint arXiv:2103.14749},
  year={2021}
}
@article{krizhevsky2009learning,
  title={Learning multiple layers of features from tiny images},
  author={Krizhevsky, Alex and Hinton, Geoffrey and others},
  year={2009},
  publisher={Citeseer}
}

@inproceedings{szegedy2015going,
  title={Going deeper with convolutions},
  author={Szegedy, Christian and Liu, Wei and Jia, Yangqing and Sermanet, Pierre and Reed, Scott and Anguelov, Dragomir and Erhan, Dumitru and Vanhoucke, Vincent and Rabinovich, Andrew},
  booktitle={Proceedings of the IEEE conference on computer vision and pattern recognition},
  pages={1--9},
  year={2015}
}

@article{krizhevsky2012imagenet,
  title={Imagenet classification with deep convolutional neural networks},
  author={Krizhevsky, Alex and Sutskever, Ilya and Hinton, Geoffrey E},
  journal={Advances in neural information processing systems},
  volume={25},
  year={2012}
}


@inproceedings{deng2009imagenet,
  title={Imagenet: A large-scale hierarchical image database},
  author={Deng, Jia and Dong, Wei and Socher, Richard and Li, Li-Jia and Li, Kai and Fei-Fei, Li},
  booktitle={2009 IEEE conference on computer vision and pattern recognition},
  pages={248--255},
  year={2009},
  organization={Ieee}
}

@inproceedings{coates2011analysis,
  title={An analysis of single-layer networks in unsupervised feature learning},
  author={Coates, Adam and Ng, Andrew and Lee, Honglak},
  booktitle={Proceedings of the fourteenth international conference on artificial intelligence and statistics},
  pages={215--223},
  year={2011},
  organization={JMLR Workshop and Conference Proceedings}
}

@inproceedings{tsipras2020imagenet,
  title={From imagenet to image classification: Contextualizing progress on benchmarks},
  author={Tsipras, Dimitris and Santurkar, Shibani and Engstrom, Logan and Ilyas, Andrew and Madry, Aleksander},
  booktitle={International Conference on Machine Learning},
  pages={9625--9635},
  year={2020},
  organization={PMLR}
}

@article{barz2020we,
  title={Do we train on test data? purging cifar of near-duplicates},
  author={Barz, Bj{\"o}rn and Denzler, Joachim},
  journal={Journal of Imaging},
  volume={6},
  number={6},
  pages={41},
  year={2020},
  publisher={Multidisciplinary Digital Publishing Institute}
}

@article{karimi2020deep,
  title={Deep learning with noisy labels: Exploring techniques and remedies in medical image analysis},
  author={Karimi, Davood and Dou, Haoran and Warfield, Simon K and Gholipour, Ali},
  journal={Medical Image Analysis},
  volume={65},
  pages={101759},
  year={2020},
  publisher={Elsevier}
}

@inproceedings{damodaran2018deepjdot,
  title={Deepjdot: Deep joint distribution optimal transport for unsupervised domain adaptation},
  author={Damodaran, Bharath Bhushan and Kellenberger, Benjamin and Flamary, R{\'e}mi and Tuia, Devis and Courty, Nicolas},
  booktitle={Proceedings of the European Conference on Computer Vision (ECCV)},
  pages={447--463},
  year={2018}
}

@inproceedings{redko2019optimal,
  title={Optimal transport for multi-source domain adaptation under target shift},
  author={Redko, Ievgen and Courty, Nicolas and Flamary, R{\'e}mi and Tuia, Devis},
  booktitle={The 22nd International Conference on Artificial Intelligence and Statistics},
  pages={849--858},
  year={2019},
  organization={PMLR}
}

@inproceedings{zeng2021adversarial,
  title={Adversarial Unlearning of Backdoors via Implicit Hypergradient},
  author={Zeng, Yi and Chen, Si and Park, Won and Mao, Zhuoqing and Jin, Ming and Jia, Ruoxi},
  booktitle={International Conference on Learning Representations},
  year={2021}
}


@inproceedings{jia2021scalability,
  title={Scalability vs. Utility: Do We Have to Sacrifice One for the Other in Data Importance Quantification?},
  author={Jia, Ruoxi and Wu, Fan and Sun, Xuehui and Xu, Jiacen and Dao, David and Kailkhura, Bhavya and Zhang, Ce and Li, Bo and Song, Dawn},
  booktitle={Proceedings of the IEEE/CVF Conference on Computer Vision and Pattern Recognition},
  pages={8239--8247},
  year={2021}
}

@book{cook1982residuals,
  title={Residuals and influence in regression},
  author={Cook, R Dennis and Weisberg, Sanford},
  year={1982},
  publisher={New York: Chapman and Hall}
}


@article{liu2017trojaning,
  title={Trojaning attack on neural networks},
  author={Liu, Yingqi and Ma, Shiqing and Aafer, Yousra and Lee, Wen-Chuan and Zhai, Juan and Wang, Weihang and Zhang, Xiangyu},
  year={2017}
}

@article{shafahi2018poison,
  title={Poison frogs! targeted clean-label poisoning attacks on neural networks},
  author={Shafahi, Ali and Huang, W Ronny and Najibi, Mahyar and Suciu, Octavian and Studer, Christoph and Dumitras, Tudor and Goldstein, Tom},
  journal={Advances in neural information processing systems},
  volume={31},
  year={2018}
}


@article{xu2021validation,
  title={Validation free and replication robust volume-based data valuation},
  author={Xu, Xinyi and Wu, Zhaoxuan and Foo, Chuan Sheng and Low, Bryan Kian Hsiang},
  journal={Advances in Neural Information Processing Systems},
  volume={34},
  year={2021}
}

@article{zeng2022narcissus,
  title={NARCISSUS: A Practical Clean-Label Backdoor Attack with Limited Information},
  author={ Pan, Minzhou and Zeng, Yi and Just, Hoang Anh and Lyu, Lingjuan and Qiu, Meikang and Jia, Ruoxi},
  journal={arXiv preprint arXiv:2204.05255},
  year={2022}
}

@inproceedings{urner2011access,
  title={Access to unlabeled data can speed up prediction time},
  author={Urner, Ruth and Shalev-Shwartz, Shai and Ben-David, Shai},
  booktitle={ICML},
  year={2011}
}

@inproceedings{yoon2020data,
  title={Data valuation using reinforcement learning},
  author={Yoon, Jinsung and Arik, Sercan and Pfister, Tomas},
  booktitle={International Conference on Machine Learning},
  pages={10842--10851},
  year={2020},
  organization={PMLR}
}

@inproceedings{sim2020collaborative,
  title={Collaborative machine learning with incentive-aware model rewards},
  author={Sim, Rachael Hwee Ling and Zhang, Yehong and Chan, Mun Choon and Low, Bryan Kian Hsiang},
  booktitle={International Conference on Machine Learning},
  pages={8927--8936},
  year={2020},
  organization={PMLR}
}


@article{dataeconomy,
author = {Scelta, Gabe and Rashid, Hamid and Cheng, Hoi Wai Jackie and LaFleur, Marcelo and Parra-Lancourt, Mariangela and Julca, Alex and Hunt, Nicole and Islam, S. and Kawamura, Hiroshi},
year = {2019},
month = {01},
pages = {},
title = {Frontier Technology Quarterly January 2019: Data Economy - radical transformation or dystopia?}
}

@article{huang2021unlearnable,
  title={Unlearnable examples: Making personal data unexploitable},
  author={Huang, Hanxun and Ma, Xingjun and Erfani, Sarah Monazam and Bailey, James and Wang, Yisen},
  journal={arXiv preprint arXiv:2101.04898},
  year={2021}
}

@article{nutz2021entropic,
  title={Entropic optimal transport: Convergence of potentials},
  author={Nutz, Marcel and Wiesel, Johannes},
  journal={Probability Theory and Related Fields},
  pages={1--24},
  year={2021},
  publisher={Springer}
}
@Article{         harris2020array,
 title         = {Array programming with {NumPy}},
 author        = {Charles R. Harris and K. Jarrod Millman and St{\'{e}}fan J.
                 van der Walt and Ralf Gommers and Pauli Virtanen and David
                 Cournapeau and Eric Wieser and Julian Taylor and Sebastian
                 Berg and Nathaniel J. Smith and Robert Kern and Matti Picus
                 and Stephan Hoyer and Marten H. van Kerkwijk and Matthew
                 Brett and Allan Haldane and Jaime Fern{\'{a}}ndez del
                 R{\'{i}}o and Mark Wiebe and Pearu Peterson and Pierre
                 G{\'{e}}rard-Marchant and Kevin Sheppard and Tyler Reddy and
                 Warren Weckesser and Hameer Abbasi and Christoph Gohlke and
                 Travis E. Oliphant},
 year          = {2020},
 month         = sep,
 journal       = {Nature},
 volume        = {585},
 number        = {7825},
 pages         = {357--362},
 doi           = {10.1038/s41586-020-2649-2},
 publisher     = {Springer Science and Business Media {LLC}},
 url           = {https://doi.org/10.1038/s41586-020-2649-2}
}


@incollection{NEURIPS2019_9015,
title = {PyTorch: An Imperative Style, High-Performance Deep Learning Library},
author = {Paszke, Adam and Gross, Sam and Massa, Francisco and Lerer, Adam and Bradbury, James and Chanan, Gregory and Killeen, Trevor and Lin, Zeming and Gimelshein, Natalia and Antiga, Luca and Desmaison, Alban and Kopf, Andreas and Yang, Edward and DeVito, Zachary and Raison, Martin and Tejani, Alykhan and Chilamkurthy, Sasank and Steiner, Benoit and Fang, Lu and Bai, Junjie and Chintala, Soumith},
booktitle = {Advances in Neural Information Processing Systems 32},
editor = {H. Wallach and H. Larochelle and A. Beygelzimer and F. d\textquotesingle Alch\'{e}-Buc and E. Fox and R. Garnett},
pages = {8024--8035},
year = {2019},
publisher = {Curran Associates, Inc.},
url = {http://papers.neurips.cc/paper/9015-pytorch-an-imperative-style-high-performance-deep-learning-library.pdf}
}

@article{wang2022data,
  title={Data Banzhaf: A Data Valuation Framework with Maximal Robustness to Learning Stochasticity},
  author={Wang, Tianhao and Jia, Ruoxi},
  journal={arXiv preprint arXiv:2205.15466},
  year={2022}
}

@article{rolnick2017deep,
  title={Deep learning is robust to massive label noise},
  author={Rolnick, David and Veit, Andreas and Belongie, Serge and Shavit, Nir},
  journal={arXiv preprint arXiv:1705.10694},
  year={2017}
}

@article{hyland2019empirical,
  title={An Empirical Study on the Intrinsic Privacy of SGD},
  author={Hyland, Stephanie L and Tople, Shruti},
  journal={arXiv preprint arXiv:1912.02919},
  year={2019}
}


@incollection{wang2020principled,
  title={A principled approach to data valuation for federated learning},
  author={Wang, Tianhao and Rausch, Johannes and Zhang, Ce and Jia, Ruoxi and Song, Dawn},
  booktitle={Federated Learning},
  pages={153--167},
  year={2020},
  publisher={Springer}
}

@article{wang2023note,
  title={A Note on" Towards Efficient Data Valuation Based on the Shapley Value''},
  author={Wang, Jiachen T and Jia, Ruoxi},
  journal={arXiv preprint arXiv:2302.11431},
  year={2023}
}

@article{kaplan2020scaling,
  title={Scaling laws for neural language models},
  author={Kaplan, Jared and McCandlish, Sam and Henighan, Tom and Brown, Tom B and Chess, Benjamin and Child, Rewon and Gray, Scott and Radford, Alec and Wu, Jeffrey and Amodei, Dario},
  journal={arXiv preprint arXiv:2001.08361},
  year={2020}
}

@article{borsos2020coresets,
  title={Coresets via bilevel optimization for continual learning and streaming},
  author={Borsos, Zal{\'a}n and Mutny, Mojmir and Krause, Andreas},
  journal={Advances in Neural Information Processing Systems},
  volume={33},
  pages={14879--14890},
  year={2020}
}

@article{nie2019adversarial,
  title={Adversarial NLI: A new benchmark for natural language understanding},
  author={Nie, Yixin and Williams, Adina and Dinan, Emily and Bansal, Mohit and Weston, Jason and Kiela, Douwe},
  journal={arXiv preprint arXiv:1910.14599},
  year={2019}
}

@article{clark2019boolq,
  title={BoolQ: Exploring the surprising difficulty of natural yes/no questions},
  author={Clark, Christopher and Lee, Kenton and Chang, Ming-Wei and Kwiatkowski, Tom and Collins, Michael and Toutanova, Kristina},
  journal={arXiv preprint arXiv:1905.10044},
  year={2019}
}

@article{zellers2019hellaswag,
  title={Hellaswag: Can a machine really finish your sentence?},
  author={Zellers, Rowan and Holtzman, Ari and Bisk, Yonatan and Farhadi, Ali and Choi, Yejin},
  journal={arXiv preprint arXiv:1905.07830},
  year={2019}
}

@article{paperno2016lambada,
  title={The LAMBADA dataset: Word prediction requiring a broad discourse context},
  author={Paperno, Denis and Kruszewski, Germ{\'a}n and Lazaridou, Angeliki and Pham, Quan Ngoc and Bernardi, Raffaella and Pezzelle, Sandro and Baroni, Marco and Boleda, Gemma and Fern{\'a}ndez, Raquel},
  journal={arXiv preprint arXiv:1606.06031},
  year={2016}
}

@inproceedings{bisk2020piqa,
  title={Piqa: Reasoning about physical commonsense in natural language},
  author={Bisk, Yonatan and Zellers, Rowan and Gao, Jianfeng and Choi, Yejin and others},
  booktitle={Proceedings of the AAAI conference on artificial intelligence},
  volume={34},
  number={05},
  pages={7432--7439},
  year={2020}
}

@article{lai2017race,
  title={Race: Large-scale reading comprehension dataset from examinations},
  author={Lai, Guokun and Xie, Qizhe and Liu, Hanxiao and Yang, Yiming and Hovy, Eduard},
  journal={arXiv preprint arXiv:1704.04683},
  year={2017}
}

@article{pilehvar2018wic,
  title={WiC: the word-in-context dataset for evaluating context-sensitive meaning representations},
  author={Pilehvar, Mohammad Taher and Camacho-Collados, Jose},
  journal={arXiv preprint arXiv:1808.09121},
  year={2018}
}

@article{sakaguchi2021winogrande,
  title={Winogrande: An adversarial winograd schema challenge at scale},
  author={Sakaguchi, Keisuke and Bras, Ronan Le and Bhagavatula, Chandra and Choi, Yejin},
  journal={Communications of the ACM},
  volume={64},
  number={9},
  pages={99--106},
  year={2021},
  publisher={ACM New York, NY, USA}
}

@article{gao2021framework,
  title={A framework for few-shot language model evaluation},
  author={Gao, Leo and Tow, Jonathan and Biderman, Stella and Black, Sid and DiPofi, Anthony and Foster, Charles and Golding, Laurence and Hsu, Jeffrey and McDonell, Kyle and Muennighoff, Niklas and others},
  journal={Version v0. 0.1. Sept},
  year={2021}
}

@article{gururangan2020don,
  title={Don't stop pretraining: Adapt language models to domains and tasks},
  author={Gururangan, Suchin and Marasovi{\'c}, Ana and Swayamdipta, Swabha and Lo, Kyle and Beltagy, Iz and Downey, Doug and Smith, Noah A},
  journal={arXiv preprint arXiv:2004.10964},
  year={2020}
}

@article{xie2023data,
  title={Data selection for language models via importance resampling},
  author={Xie, Sang Michael and Santurkar, Shibani and Ma, Tengyu and Liang, Percy},
  journal={arXiv preprint arXiv:2302.03169},
  year={2023}
}

@article{brown2020language,
  title={Language models are few-shot learners},
  author={Brown, Tom and Mann, Benjamin and Ryder, Nick and Subbiah, Melanie and Kaplan, Jared D and Dhariwal, Prafulla and Neelakantan, Arvind and Shyam, Pranav and Sastry, Girish and Askell, Amanda and others},
  journal={Advances in neural information processing systems},
  volume={33},
  pages={1877--1901},
  year={2020}
}

@article{xu2021detoxifying,
  title={Detoxifying language models risks marginalizing minority voices},
  author={Xu, Albert and Pathak, Eshaan and Wallace, Eric and Gururangan, Suchin and Sap, Maarten and Klein, Dan},
  journal={arXiv preprint arXiv:2104.06390},
  year={2021}
}

@article{welbl2021challenges,
  title={Challenges in detoxifying language models},
  author={Welbl, Johannes and Glaese, Amelia and Uesato, Jonathan and Dathathri, Sumanth and Mellor, John and Hendricks, Lisa Anne and Anderson, Kirsty and Kohli, Pushmeet and Coppin, Ben and Huang, Po-Sen},
  journal={arXiv preprint arXiv:2109.07445},
  year={2021}
}

@article{liang2022holistic,
  title={Holistic evaluation of language models},
  author={Liang, Percy and Bommasani, Rishi and Lee, Tony and Tsipras, Dimitris and Soylu, Dilara and Yasunaga, Michihiro and Zhang, Yian and Narayanan, Deepak and Wu, Yuhuai and Kumar, Ananya and others},
  journal={arXiv preprint arXiv:2211.09110},
  year={2022}
}

@article{dernoncourt2017pubmed,
  title={Pubmed 200k rct: a dataset for sequential sentence classification in medical abstracts},
  author={Dernoncourt, Franck and Lee, Ji Young},
  journal={arXiv preprint arXiv:1710.06071},
  year={2017}
}

@article{kringelum2016chemprot,
  title={ChemProt-3.0: a global chemical biology diseases mapping},
  author={Kringelum, Jens and Kjaerulff, Sonny Kim and Brunak, S{\o}ren and Lund, Ole and Oprea, Tudor I and Taboureau, Olivier},
  journal={Database},
  volume={2016},
  pages={bav123},
  year={2016},
  publisher={Oxford University Press}
}

@article{jurgens2018measuring,
  title={Measuring the evolution of a scientific field through citation frames},
  author={Jurgens, David and Kumar, Srijan and Hoover, Raine and McFarland, Dan and Jurafsky, Dan},
  journal={Transactions of the Association for Computational Linguistics},
  volume={6},
  pages={391--406},
  year={2018},
  publisher={MIT Press One Rogers Street, Cambridge, MA 02142-1209, USA journals-info~…}
}

@article{luan2018multi,
  title={Multi-task identification of entities, relations, and coreference for scientific knowledge graph construction},
  author={Luan, Yi and He, Luheng and Ostendorf, Mari and Hajishirzi, Hannaneh},
  journal={arXiv preprint arXiv:1808.09602},
  year={2018}
}

@inproceedings{kiesel2019semeval,
  title={Semeval-2019 task 4: Hyperpartisan news detection},
  author={Kiesel, Johannes and Mestre, Maria and Shukla, Rishabh and Vincent, Emmanuel and Adineh, Payam and Corney, David and Stein, Benno and Potthast, Martin},
  booktitle={Proceedings of the 13th International Workshop on Semantic Evaluation},
  pages={829--839},
  year={2019}
}

@inproceedings{mcauley2015image,
  title={Image-based recommendations on styles and substitutes},
  author={McAuley, Julian and Targett, Christopher and Shi, Qinfeng and Van Den Hengel, Anton},
  booktitle={Proceedings of the 38th international ACM SIGIR conference on research and development in information retrieval},
  pages={43--52},
  year={2015}
}


@article{zhang2015character,
  title={Character-level convolutional networks for text classification},
  author={Zhang, Xiang and Zhao, Junbo and LeCun, Yann},
  journal={Advances in neural information processing systems},
  volume={28},
  year={2015}
}

@article{beltagy2019scibert,
  title={SciBERT: A pretrained language model for scientific text},
  author={Beltagy, Iz and Lo, Kyle and Cohan, Arman},
  journal={arXiv preprint arXiv:1903.10676},
  year={2019}
}

@article{radford2019language,
  title={Language models are unsupervised multitask learners},
  author={Radford, Alec and Wu, Jeffrey and Child, Rewon and Luan, David and Amodei, Dario and Sutskever, Ilya and others},
  journal={OpenAI blog},
  volume={1},
  number={8},
  pages={9},
  year={2019}
}

@article{wolf2019huggingface,
  title={Huggingface's transformers: State-of-the-art natural language processing},
  author={Wolf, Thomas and Debut, Lysandre and Sanh, Victor and Chaumond, Julien and Delangue, Clement and Moi, Anthony and Cistac, Pierric and Rault, Tim and Louf, R{\'e}mi and Funtowicz, Morgan and others},
  journal={arXiv preprint arXiv:1910.03771},
  year={2019}
}

@inproceedings{wang2018glue,
  title={GLUE: A Multi-Task Benchmark and Analysis Platform for Natural Language Understanding},
  author={Wang, Alex and Singh, Amanpreet and Michael, Julian and Hill, Felix and Levy, Omer and Bowman, Samuel},
  booktitle={Proceedings of the 2018 EMNLP Workshop BlackboxNLP: Analyzing and Interpreting Neural Networks for NLP},
  pages={353--355},
  year={2018}
}

@article{ge2023openagi,
  title={Openagi: When llm meets domain experts},
  author={Ge, Yingqiang and Hua, Wenyue and Ji, Jianchao and Tan, Juntao and Xu, Shuyuan and Zhang, Yongfeng},
  journal={arXiv preprint arXiv:2304.04370},
  year={2023}
}

@article{bubeck2023sparks,
  title={Sparks of artificial general intelligence: Early experiments with gpt-4},
  author={Bubeck, S{\'e}bastien and Chandrasekaran, Varun and Eldan, Ronen and Gehrke, Johannes and Horvitz, Eric and Kamar, Ece and Lee, Peter and Lee, Yin Tat and Li, Yuanzhi and Lundberg, Scott and others},
  journal={arXiv preprint arXiv:2303.12712},
  year={2023}
}

@article{DBLP:journals/corr/abs-1810-04805,
  author       = {Jacob Devlin and
                  Ming{-}Wei Chang and
                  Kenton Lee and
                  Kristina Toutanova},
  title        = {{BERT:} Pre-training of Deep Bidirectional Transformers for Language
                  Understanding},
  journal      = {CoRR},
  volume       = {abs/1810.04805},
  year         = {2018},
  url          = {http://arxiv.org/abs/1810.04805},
  eprinttype    = {arXiv},
  eprint       = {1810.04805},
  timestamp    = {Tue, 30 Oct 2018 20:39:56 +0100},
  biburl       = {https://dblp.org/rec/journals/corr/abs-1810-04805.bib},
  bibsource    = {dblp computer science bibliography, https://dblp.org}
}

@article{chowdhery2022palm,
  title={Palm: Scaling language modeling with pathways},
  author={Chowdhery, Aakanksha and Narang, Sharan and Devlin, Jacob and Bosma, Maarten and Mishra, Gaurav and Roberts, Adam and Barham, Paul and Chung, Hyung Won and Sutton, Charles and Gehrmann, Sebastian and others},
  journal={arXiv preprint arXiv:2204.02311},
  year={2022}
}

@article{everaert2023gio,
  title={GIO: Gradient Information Optimization for Training Dataset Selection},
  author={Everaert, Dante and Potts, Christopher},
  journal={arXiv preprint arXiv:2306.11670},
  year={2023}
}

@article{kang2023performance,
  title={Performance Scaling via Optimal Transport: Enabling Data Selection from Partially Revealed Sources},
  author={Kang, Feiyang and Just, Hoang Anh and Sahu, Anit Kumar and Jia, Ruoxi},
  journal={arXiv preprint arXiv:2307.02460},
  year={2023}
}

@inproceedings{pham2020unbalanced,
  title={On unbalanced optimal transport: An analysis of sinkhorn algorithm},
  author={Pham, Khiem and Le, Khang and Ho, Nhat and Pham, Tung and Bui, Hung},
  booktitle={International Conference on Machine Learning},
  pages={7673--7682},
  year={2020},
  organization={PMLR}
}

@article{kwon2023data,
  title={Data-OOB: Out-of-bag Estimate as a Simple and Efficient Data Value},
  author={Kwon, Yongchan and Zou, James},
  journal={arXiv preprint arXiv:2304.07718},
  year={2023}
}

@article{schoch2023data,
  title={Data Selection for Fine-tuning Large Language Models Using Transferred Shapley Values},
  author={Schoch, Stephanie and Mishra, Ritwick and Ji, Yangfeng},
  journal={arXiv preprint arXiv:2306.10165},
  year={2023}
}


@article{cuturi2022optimal,
  title={Optimal Transport Tools (OTT): A JAX Toolbox for all things Wasserstein},
  author={Cuturi, Marco and Meng-Papaxanthos, Laetitia and Tian, Yingtao and Bunne, Charlotte and
          Davis, Geoff and Teboul, Olivier},
  journal={arXiv preprint arXiv:2201.12324},
  year={2022}
}

@article{gururangan2019variational,
  title={Variational pretraining for semi-supervised text classification},
  author={Gururangan, Suchin and Dang, Tam and Card, Dallas and Smith, Noah A},
  journal={arXiv preprint arXiv:1906.02242},
  year={2019}
}

@inproceedings{du2022glam,
  title={Glam: Efficient scaling of language models with mixture-of-experts},
  author={Du, Nan and Huang, Yanping and Dai, Andrew M and Tong, Simon and Lepikhin, Dmitry and Xu, Yuanzhong and Krikun, Maxim and Zhou, Yanqi and Yu, Adams Wei and Firat, Orhan and others},
  booktitle={International Conference on Machine Learning},
  pages={5547--5569},
  year={2022},
  organization={PMLR}
}



@article{hu2021lora,
  title={Lora: Low-rank adaptation of large language models},
  author={Hu, Edward J and Shen, Yelong and Wallis, Phillip and Allen-Zhu, Zeyuan and Li, Yuanzhi and Wang, Shean and Wang, Lu and Chen, Weizhu},
  journal={arXiv preprint arXiv:2106.09685},
  year={2021}
}

@article{liu2019roberta,
  title={Roberta: A robustly optimized bert pretraining approach},
  author={Liu, Yinhan and Ott, Myle and Goyal, Naman and Du, Jingfei and Joshi, Mandar and Chen, Danqi and Levy, Omer and Lewis, Mike and Zettlemoyer, Luke and Stoyanov, Veselin},
  journal={arXiv preprint arXiv:1907.11692},
  year={2019}
}

@inproceedings{sutskever2013importance,
  title={On the importance of initialization and momentum in deep learning},
  author={Sutskever, Ilya and Martens, James and Dahl, George and Hinton, Geoffrey},
  booktitle={International conference on machine learning},
  pages={1139--1147},
  year={2013},
  organization={PMLR}
}

@article{coleman2019selection,
  title={Selection via proxy: Efficient data selection for deep learning},
  author={Coleman, Cody and Yeh, Christopher and Mussmann, Stephen and Mirzasoleiman, Baharan and Bailis, Peter and Liang, Percy and Leskovec, Jure and Zaharia, Matei},
  journal={arXiv preprint arXiv:1906.11829},
  year={2019}
}

@inproceedings{kaushal2019learning,
  title={Learning from less data: A unified data subset selection and active learning framework for computer vision},
  author={Kaushal, Vishal and Iyer, Rishabh and Kothawade, Suraj and Mahadev, Rohan and Doctor, Khoshrav and Ramakrishnan, Ganesh},
  booktitle={2019 IEEE Winter Conference on Applications of Computer Vision (WACV)},
  pages={1289--1299},
  year={2019},
  organization={IEEE}
}
@inproceedings{killamsetty2021grad,
  title={Grad-match: Gradient matching based data subset selection for efficient deep model training},
  author={Killamsetty, Krishnateja and Durga, Sivasubramanian and Ramakrishnan, Ganesh and De, Abir and Iyer, Rishabh},
  booktitle={International Conference on Machine Learning},
  pages={5464--5474},
  year={2021},
  organization={PMLR}
}

@inproceedings{mindermann2022prioritized,
  title={Prioritized training on points that are learnable, worth learning, and not yet learnt},
  author={Mindermann, S{\"o}ren and Brauner, Jan M and Razzak, Muhammed T and Sharma, Mrinank and Kirsch, Andreas and Xu, Winnie and H{\"o}ltgen, Benedikt and Gomez, Aidan N and Morisot, Adrien and Farquhar, Sebastian and others},
  booktitle={International Conference on Machine Learning},
  pages={15630--15649},
  year={2022},
  organization={PMLR}
}

@article{sener2017active,
  title={Active learning for convolutional neural networks: A core-set approach},
  author={Sener, Ozan and Savarese, Silvio},
  journal={arXiv preprint arXiv:1708.00489},
  year={2017}
}


@article{distill-bert,
  author       = {Victor Sanh and
                  Lysandre Debut and
                  Julien Chaumond and
                  Thomas Wolf},
  title        = {DistilBERT, a distilled version of {BERT:} smaller, faster, cheaper
                  and lighter},
  journal      = {CoRR},
  volume       = {abs/1910.01108},
  year         = {2019},
  url          = {http://arxiv.org/abs/1910.01108},
  eprinttype    = {arXiv},
  eprint       = {1910.01108},
  timestamp    = {Tue, 02 Jun 2020 12:48:59 +0200},
  biburl       = {https://dblp.org/rec/journals/corr/abs-1910-01108.bib},
  bibsource    = {dblp computer science bibliography, https://dblp.org}
}

@article{aharoni2020unsupervised,
  title={Unsupervised domain clusters in pretrained language models},
  author={Aharoni, Roee and Goldberg, Yoav},
  journal={arXiv preprint arXiv:2004.02105},
  year={2020}
}
@inproceedings{park2022unsupervised,
  title={Unsupervised data selection for speech recognition with contrastive loss ratios},
  author={Park, Chanho and Ahmad, Rehan and Hain, Thomas},
  booktitle={ICASSP 2022-2022 IEEE International Conference on Acoustics, Speech and Signal Processing (ICASSP)},
  pages={8587--8591},
  year={2022},
  organization={IEEE}
}

@misc{rosenberg2023guided,
  title={Guided Data Selection for Masked Speech Modeling},
  author={Rosenberg, Andrew and Ramabhadran, Bhuvana and Zhang, Yu and Baskar, Murali Karthick},
  year={2023},
  month=apr # "~6",
  publisher={Google Patents},
  note={US Patent App. 17/820,871}
}

@article{li2023finding,
  title={Finding supporting examples for in-context learning},
  author={Li, Xiaonan and Qiu, Xipeng},
  journal={arXiv preprint arXiv:2302.13539},
  year={2023}
}

@inproceedings{chang2023data,
  title={Data curation alone can stabilize in-context learning},
  author={Chang, Ting-Yun and Jia, Robin},
  booktitle={Proceedings of the 61st Annual Meeting of the Association for Computational Linguistics (Volume 1: Long Papers)},
  pages={8123--8144},
  year={2023}
}

@article{wu2023openicl,
  title={Openicl: An open-source framework for in-context learning},
  author={Wu, Zhenyu and Wang, YaoXiang and Ye, Jiacheng and Feng, Jiangtao and Xu, Jingjing and Qiao, Yu and Wu, Zhiyong},
  journal={arXiv preprint arXiv:2303.02913},
  year={2023}
}

@article{blei2003latent,
  title={Latent dirichlet allocation},
  author={Blei, David M and Ng, Andrew Y and Jordan, Michael I},
  journal={Journal of machine Learning research},
  volume={3},
  number={Jan},
  pages={993--1022},
  year={2003}
}

@software{together2023redpajama,
  author = {Together Computer},
  title = {RedPajama: An Open Source Recipe to Reproduce LLaMA training dataset},
  month = April,
  year = 2023,
  url = {https://github.com/togethercomputer/RedPajama-Data}
}
@article{raffel2020exploring,
  title={Exploring the limits of transfer learning with a unified text-to-text transformer},
  author={Raffel, Colin and Shazeer, Noam and Roberts, Adam and Lee, Katherine and Narang, Sharan and Matena, Michael and Zhou, Yanqi and Li, Wei and Liu, Peter J},
  journal={Journal of machine learning research},
  volume={21},
  number={140},
  pages={1--67},
  year={2020}
}


@article{zhang2024tinyllama,
  title={Tinyllama: An open-source small language model},
  author={Zhang, Peiyuan and Zeng, Guangtao and Wang, Tianduo and Lu, Wei},
  journal={arXiv preprint arXiv:2401.02385},
  year={2024}
}

@article{nangia2020crows,
  title={CrowS-pairs: A challenge dataset for measuring social biases in masked language models},
  author={Nangia, Nikita and Vania, Clara and Bhalerao, Rasika and Bowman, Samuel R},
  journal={arXiv preprint arXiv:2010.00133},
  year={2020}
}

@article{clark2018think,
  title={Think you have solved question answering? try arc, the ai2 reasoning challenge},
  author={Clark, Peter and Cowhey, Isaac and Etzioni, Oren and Khot, Tushar and Sabharwal, Ashish and Schoenick, Carissa and Tafjord, Oyvind},
  journal={arXiv preprint arXiv:1803.05457},
  year={2018}
}

@article{lin2021truthfulqa,
  title={Truthfulqa: Measuring how models mimic human falsehoods},
  author={Lin, Stephanie and Hilton, Jacob and Evans, Owain},
  journal={arXiv preprint arXiv:2109.07958},
  year={2021}
}

@article{jin2019pubmedqa,
  title={Pubmedqa: A dataset for biomedical research question answering},
  author={Jin, Qiao and Dhingra, Bhuwan and Liu, Zhengping and Cohen, William W and Lu, Xinghua},
  journal={arXiv preprint arXiv:1909.06146},
  year={2019}
}

@article{srivastava2022beyond,
  title={Beyond the imitation game: Quantifying and extrapolating the capabilities of language models},
  author={Srivastava, Aarohi and Rastogi, Abhinav and Rao, Abhishek and Shoeb, Abu Awal Md and Abid, Abubakar and Fisch, Adam and Brown, Adam R and Santoro, Adam and Gupta, Aditya and Garriga-Alonso, Adri{\`a} and others},
  journal={arXiv preprint arXiv:2206.04615},
  year={2022}
}