@incollection{Bengio+chapter2007,
author = {Bengio, Yoshua and LeCun, Yann},
booktitle = {Large Scale Kernel Machines},
publisher = {MIT Press},
title = {Scaling Learning Algorithms Towards {AI}},
year = {2007}
}

@article{Hinton06,
author = {Hinton, Geoffrey E. and Osindero, Simon and Teh, Yee Whye},
journal = {Neural Computation},
pages = {1527--1554},
title = {A Fast Learning Algorithm for Deep Belief Nets},
volume = {18},
year = {2006}
}

@book{goodfellow2016deep,
title={Deep learning},
author={Goodfellow, Ian and Bengio, Yoshua and Courville, Aaron and Bengio, Yoshua},
volume={1},
year={2016},
publisher={MIT Press}
}

@article{hu2023animate,
  title={Animate Anyone: Consistent and Controllable Image-to-Video Synthesis for Character Animation},
  author={Hu, Li and Gao, Xin and Zhang, Peng and Sun, Ke and Zhang, Bang and Bo, Liefeng},
  journal={arXiv preprint arXiv:2311.17117},
  year={2023}
}

@article{li2024image,
  title={Image conductor: Precision control for interactive video synthesis},
  author={Li, Yaowei and Wang, Xintao and Zhang, Zhaoyang and Wang, Zhouxia and Yuan, Ziyang and Xie, Liangbin and Zou, Yuexian and Shan, Ying},
  journal={arXiv preprint arXiv:2406.15339},
  year={2024}
}

@inproceedings{gu2024videoswap,
  title={Videoswap: Customized video subject swapping with interactive semantic point correspondence},
  author={Gu, Yuchao and Zhou, Yipin and Wu, Bichen and Yu, Licheng and Liu, Jia-Wei and Zhao, Rui and Wu, Jay Zhangjie and Zhang, David Junhao and Shou, Mike Zheng and Tang, Kevin},
  booktitle={Proceedings of the IEEE/CVF Conference on Computer Vision and Pattern Recognition},
  pages={7621--7630},
  year={2024}
}

@inproceedings{niu2025mofa,
  title={Mofa-video: Controllable image animation via generative motion field adaptions in frozen image-to-video diffusion model},
  author={Niu, Muyao and Cun, Xiaodong and Wang, Xintao and Zhang, Yong and Shan, Ying and Zheng, Yinqiang},
  booktitle={European Conference on Computer Vision},
  pages={111--128},
  year={2025},
  organization={Springer}
}

@article{SMPL:2015,
    author = {Loper, Matthew and Mahmood, Naureen and Romero, Javier and Pons-Moll, Gerard and Black, Michael J.},
    title = {{SMPL}: A Skinned Multi-Person Linear Model},
    journal = {ACM Transactions on Graphics, (Proc. SIGGRAPH Asia)},
    month = oct,
    number = {6},
    pages = {248:1--248:16},
    publisher = {ACM},
    volume = {34},
    year = {2015}
}

@inproceedings{cao2017openpose,
  title={Realtime multi-person 2d pose estimation using part affinity fields},
  author={Cao, Zhe and Simon, Tomas and Wei, Shih-En and Sheikh, Yaser},
  booktitle={Proceedings of the IEEE conference on computer vision and pattern recognition},
  pages={7291--7299},
  year={2017}
}

@inproceedings{ge2023preserve,
  title={Preserve your own correlation: A noise prior for video diffusion models},
  author={Ge, Songwei and Nah, Seungjun and Liu, Guilin and Poon, Tyler and Tao, Andrew and Catanzaro, Bryan and Jacobs, David and Huang, Jia-Bin and Liu, Ming-Yu and Balaji, Yogesh},
  booktitle={Proceedings of the IEEE/CVF International Conference on Computer Vision},
  pages={22930--22941},
  year={2023}
}


@inproceedings{blattmann2023align,
  title={Align your latents: High-resolution video synthesis with latent diffusion models},
  author={Blattmann, Andreas and Rombach, Robin and Ling, Huan and Dockhorn, Tim and Kim, Seung Wook and Fidler, Sanja and Kreis, Karsten},
  booktitle={Proceedings of the IEEE/CVF Conference on Computer Vision and Pattern Recognition},
  pages={22563--22575},
  year={2023}
}

@inproceedings{rombach2022high,
  title={High-resolution image synthesis with latent diffusion models},
  author={Rombach, Robin and Blattmann, Andreas and Lorenz, Dominik and Esser, Patrick and Ommer, Bj{\"o}rn},
  booktitle={Proceedings of the IEEE/CVF conference on computer vision and pattern recognition},
  pages={10684--10695},
  year={2022}
}

@article{song2020score,
  title={Score-based generative modeling through stochastic differential equations},
  author={Song, Yang and Sohl-Dickstein, Jascha and Kingma, Diederik P and Kumar, Abhishek and Ermon, Stefano and Poole, Ben},
  journal={arXiv preprint arXiv:2011.13456},
  year={2020}
}

@article{ho2020denoising,
  title={Denoising diffusion probabilistic models},
  author={Ho, Jonathan and Jain, Ajay and Abbeel, Pieter},
  journal={Advances in neural information processing systems},
  volume={33},
  pages={6840--6851},
  year={2020}
}

@inproceedings{radford2021learning,
  title={Learning transferable visual models from natural language supervision},
  author={Radford, Alec and Kim, Jong Wook and Hallacy, Chris and Ramesh, Aditya and Goh, Gabriel and Agarwal, Sandhini and Sastry, Girish and Askell, Amanda and Mishkin, Pamela and Clark, Jack and others},
  booktitle={International conference on machine learning},
  pages={8748--8763},
  year={2021},
  organization={PMLR}
}

@inproceedings{he2016deep,
  title={Deep residual learning for image recognition},
  author={He, Kaiming and Zhang, Xiangyu and Ren, Shaoqing and Sun, Jian},
  booktitle={Proceedings of the IEEE conference on computer vision and pattern recognition},
  pages={770--778},
  year={2016}
}

@inproceedings{ronneberger2015unet,
  title={U-net: Convolutional networks for biomedical image segmentation},
  author={Ronneberger, Olaf and Fischer, Philipp and Brox, Thomas},
  booktitle={Medical image computing and computer-assisted intervention--MICCAI 2015: 18th international conference, Munich, Germany, October 5-9, 2015, proceedings, part III 18},
  pages={234--241},
  year={2015},
  organization={Springer}
}

@inproceedings{jafarian2021tiktok,
  title={Learning high fidelity depths of dressed humans by watching social media dance videos},
  author={Jafarian, Yasamin and Park, Hyun Soo},
  booktitle={Proceedings of the IEEE/CVF Conference on Computer Vision and Pattern Recognition},
  pages={12753--12762},
  year={2021}
}

@inproceedings{huang2024vbench,
  title={Vbench: Comprehensive benchmark suite for video generative models},
  author={Huang, Ziqi and He, Yinan and Yu, Jiashuo and Zhang, Fan and Si, Chenyang and Jiang, Yuming and Zhang, Yuanhan and Wu, Tianxing and Jin, Qingyang and Chanpaisit, Nattapol and others},
  booktitle={Proceedings of the IEEE/CVF Conference on Computer Vision and Pattern Recognition},
  pages={21807--21818},
  year={2024}
}

@article{unterthiner2018fvd,
  title={Towards accurate generative models of video: A new metric \& challenges},
  author={Unterthiner, Thomas and Van Steenkiste, Sjoerd and Kurach, Karol and Marinier, Raphael and Michalski, Marcin and Gelly, Sylvain},
  journal={arXiv preprint arXiv:1812.01717},
  year={2018}
}

@inproceedings{balaji2019fid-fvd,
  title={Conditional GAN with Discriminative Filter Generation for Text-to-Video Synthesis.},
  author={Balaji, Yogesh and Min, Martin Renqiang and Bai, Bing and Chellappa, Rama and Graf, Hans Peter},
  booktitle={IJCAI},
  volume={1},
  number={2019},
  pages={2},
  year={2019}
}

@article{blattmann2023svd,
  title={Stable video diffusion: Scaling latent video diffusion models to large datasets},
  author={Blattmann, Andreas and Dockhorn, Tim and Kulal, Sumith and Mendelevitch, Daniel and Kilian, Maciej and Lorenz, Dominik and Levi, Yam and English, Zion and Voleti, Vikram and Letts, Adam and others},
  journal={arXiv preprint arXiv:2311.15127},
  year={2023}
}

@inproceedings{yang2023dwpose,
  title={Effective whole-body pose estimation with two-stages distillation},
  author={Yang, Zhendong and Zeng, Ailing and Yuan, Chun and Li, Yu},
  booktitle={Proceedings of the IEEE/CVF International Conference on Computer Vision},
  pages={4210--4220},
  year={2023}
}

@inproceedings{yang2024depth,
  title={Depth anything: Unleashing the power of large-scale unlabeled data},
  author={Yang, Lihe and Kang, Bingyi and Huang, Zilong and Xu, Xiaogang and Feng, Jiashi and Zhao, Hengshuang},
  booktitle={Proceedings of the IEEE/CVF Conference on Computer Vision and Pattern Recognition},
  pages={10371--10381},
  year={2024}
}

@inproceedings{goel2023humans,
    title={Humans in 4{D}: Reconstructing and Tracking Humans with Transformers},
    author={Goel, Shubham and Pavlakos, Georgios and Rajasegaran, Jathushan and Kanazawa, Angjoo and Malik, Jitendra},
    booktitle={ICCV},
    year={2023}
}

@inproceedings{guler2018densepose,
  title={Densepose: Dense human pose estimation in the wild},
  author={G{\"u}ler, R{\i}za Alp and Neverova, Natalia and Kokkinos, Iasonas},
  booktitle={Proceedings of the IEEE conference on computer vision and pattern recognition},
  pages={7297--7306},
  year={2018}
}

@inproceedings{wang2024disco,
  title={Disco: Disentangled control for realistic human dance generation},
  author={Wang, Tan and Li, Linjie and Lin, Kevin and Zhai, Yuanhao and Lin, Chung-Ching and Yang, Zhengyuan and Zhang, Hanwang and Liu, Zicheng and Wang, Lijuan},
  booktitle={Proceedings of the IEEE/CVF Conference on Computer Vision and Pattern Recognition},
  pages={9326--9336},
  year={2024}
}

@inproceedings{zhu2024champ,
      title={Champ: Controllable and Consistent Human Image Animation with 3D Parametric Guidance},
      author={Shenhao Zhu and Junming Leo Chen and Zuozhuo Dai and Yinghui Xu and Xun Cao and Yao Yao and Hao Zhu and Siyu Zhu},
      booktitle={European Conference on Computer Vision (ECCV)},
      year={2024}
}

@article{tang2023emergent,
  title={Emergent correspondence from image diffusion},
  author={Tang, Luming and Jia, Menglin and Wang, Qianqian and Phoo, Cheng Perng and Hariharan, Bharath},
  journal={Advances in Neural Information Processing Systems},
  volume={36},
  pages={1363--1389},
  year={2023}
}

@inproceedings{ge2024content,
  title={On the Content Bias in Fr{\'e}chet Video Distance},
  author={Ge, Songwei and Mahapatra, Aniruddha and Parmar, Gaurav and Zhu, Jun-Yan and Huang, Jia-Bin},
  booktitle={Proceedings of the IEEE/CVF Conference on Computer Vision and Pattern Recognition},
  pages={7277--7288},
  year={2024}
}

@article{guo2023animatediff,
  title={Animatediff: Animate your personalized text-to-image diffusion models without specific tuning},
  author={Guo, Yuwei and Yang, Ceyuan and Rao, Anyi and Liang, Zhengyang and Wang, Yaohui and Qiao, Yu and Agrawala, Maneesh and Lin, Dahua and Dai, Bo},
  journal={arXiv preprint arXiv:2307.04725},
  year={2023}
}

@inproceedings{xu2024magicanimate,
  title={Magicanimate: Temporally consistent human image animation using diffusion model},
  author={Xu, Zhongcong and Zhang, Jianfeng and Liew, Jun Hao and Yan, Hanshu and Liu, Jia-Wei and Zhang, Chenxu and Feng, Jiashi and Shou, Mike Zheng},
  booktitle={Proceedings of the IEEE/CVF Conference on Computer Vision and Pattern Recognition},
  pages={1481--1490},
  year={2024}
}

@article{he2024cameractrl,
  title={Cameractrl: Enabling camera control for text-to-video generation},
  author={He, Hao and Xu, Yinghao and Guo, Yuwei and Wetzstein, Gordon and Dai, Bo and Li, Hongsheng and Yang, Ceyuan},
  journal={arXiv preprint arXiv:2404.02101},
  year={2024}
}

@inproceedings{wang2024motionctrl,
  title={Motionctrl: A unified and flexible motion controller for video generation},
  author={Wang, Zhouxia and Yuan, Ziyang and Wang, Xintao and Li, Yaowei and Chen, Tianshui and Xia, Menghan and Luo, Ping and Shan, Ying},
  booktitle={ACM SIGGRAPH 2024 Conference Papers},
  pages={1--11},
  year={2024}
}

@article{wu2024draganything,
  title={DragAnything: Motion Control for Anything using Entity Representation},
  author={Wu, Wejia and Li, Zhuang and Gu, Yuchao and Zhao, Rui and He, Yefei and Zhang, David Junhao and Shou, Mike Zheng and Li, Yan and Gao, Tingting and Zhang, Di},
  journal={arXiv preprint arXiv:2403.07420},
  year={2024}
}

@article{zhang2023controlvideo,
  title={Controlvideo: Training-free controllable text-to-video generation},
  author={Zhang, Yabo and Wei, Yuxiang and Jiang, Dongsheng and Zhang, Xiaopeng and Zuo, Wangmeng and Tian, Qi},
  journal={arXiv preprint arXiv:2305.13077},
  year={2023}
}

@inproceedings{chang2023magicpose,
  title={MagicPose: Realistic Human Poses and Facial Expressions Retargeting with Identity-aware Diffusion},
  author={Chang, Di and Shi, Yichun and Gao, Quankai and Xu, Hongyi and Fu, Jessica and Song, Guoxian and Yan, Qing and Zhu, Yizhe and Yang, Xiao and Soleymani, Mohammad},
  booktitle={Forty-first International Conference on Machine Learning},
  year={2023}
}

@article{zhang2024mimicmotion,
  title={Mimicmotion: High-quality human motion video generation with confidence-aware pose guidance},
  author={Zhang, Yuang and Gu, Jiaxi and Wang, Li-Wen and Wang, Han and Cheng, Junqi and Zhu, Yuefeng and Zou, Fangyuan},
  journal={arXiv preprint arXiv:2406.19680},
  year={2024}
}

@inproceedings{zhan2019self,
  title={Self-supervised learning via conditional motion propagation},
  author={Zhan, Xiaohang and Pan, Xingang and Liu, Ziwei and Lin, Dahua and Loy, Chen Change},
  booktitle={Proceedings of the IEEE/CVF Conference on Computer Vision and Pattern Recognition},
  pages={1881--1889},
  year={2019}
}

@article{yin2023dragnuwa,
  title={Dragnuwa: Fine-grained control in video generation by integrating text, image, and trajectory},
  author={Yin, Shengming and Wu, Chenfei and Liang, Jian and Shi, Jie and Li, Houqiang and Ming, Gong and Duan, Nan},
  journal={arXiv preprint arXiv:2308.08089},
  year={2023}
}

@inproceedings{teed2020raft,
  title={Raft: Recurrent all-pairs field transforms for optical flow},
  author={Teed, Zachary and Deng, Jia},
  booktitle={Computer Vision--ECCV 2020: 16th European Conference, Glasgow, UK, August 23--28, 2020, Proceedings, Part II 16},
  pages={402--419},
  year={2020},
  organization={Springer}
}

@article{xu2023unifying,
  title={Unifying Flow, Stereo and Depth Estimation},
  author={Xu, Haofei and Zhang, Jing and Cai, Jianfei and Rezatofighi, Hamid and Yu, Fisher and Tao, Dacheng and Geiger, Andreas},
  journal={IEEE Transactions on Pattern Analysis and Machine Intelligence},
  year={2023}
}

@inproceedings{zhang2023adding,
  title={Adding conditional control to text-to-image diffusion models},
  author={Zhang, Lvmin and Rao, Anyi and Agrawala, Maneesh},
  booktitle={Proceedings of the IEEE/CVF International Conference on Computer Vision},
  pages={3836--3847},
  year={2023}
}

@article{peng2024controlnext,
  title={ControlNeXt: Powerful and Efficient Control for Image and Video Generation},
  author={Peng, Bohao and Wang, Jian and Zhang, Yuechen and Li, Wenbo and Yang, Ming-Chang and Jia, Jiaya},
  journal={arXiv preprint arXiv:2408.06070},
  year={2024}
}

@misc{musepose,
  author={Tong, Zhengyan and Li, Chao and Chen, Zhaokang and Wu, Bin and Zhou, Wenjiang},
  title={MusePose: a Pose-Driven Image-to-Video Framework for Virtual Human Generation},
  year={2024},
  url = {https://github.com/TMElyralab/MusePose}
}

@misc{moore-animateanyone,
  author={MooreThreads},
  title={MooreThreads/Moore-AnimateAnyone},
  year={2024},
  url = {https://github.com/MooreThreads/Moore-AnimateAnyone}
}

@article{ye2023ip,
  title={Ip-adapter: Text compatible image prompt adapter for text-to-image diffusion models},
  author={Ye, Hu and Zhang, Jun and Liu, Sibo and Han, Xiao and Yang, Wei},
  journal={arXiv preprint arXiv:2308.06721},
  year={2023}
}

@article{wang2024instantid,
  title={Instantid: Zero-shot identity-preserving generation in seconds},
  author={Wang, Qixun and Bai, Xu and Wang, Haofan and Qin, Zekui and Chen, Anthony},
  journal={arXiv preprint arXiv:2401.07519},
  year={2024}
}