@ARTICLE{Cui2023-mr,
  title         = "High-dimensional Asymptotics of Denoising Autoencoders",
  author        = "Cui, Hugo and Zdeborová, Lenka",
  journal       = "arXiv [cs.LG]",
  month         =  "18~" # may,
  year          =  2023,
  archivePrefix = "arXiv",
  primaryClass  = "cs.LG"
}

@ARTICLE{Cui2023-am,
  title         = "Analysis of learning a flow-based generative model from
                   limited sample complexity",
  author        = "Cui, Hugo and Krzakala, Florent and Vanden-Eijnden, Eric and
                   Zdeborová, Lenka",
  journal       = "arXiv [stat.ML]",
  month         =  "5~" # oct,
  year          =  2023,
  archivePrefix = "arXiv",
  primaryClass  = "stat.ML"
}




@inproceedings{nichol2021improved,
  title={Improved denoising diffusion probabilistic models},
  author={Nichol, Alexander Quinn and Dhariwal, Prafulla},
  booktitle={International conference on machine learning},
  pages={8162--8171},
  year={2021},
  organization={PMLR}
}

@article{pham2024memorization,
  title={Memorization to generalization: The emergence of diffusion models from associative memory},
  author={Pham, Bao and Raya, Gabriel and Negri, Matteo and Zaki, Mohammed J and Ambrogioni, Luca and Krotov, Dmitry},
  year={2024}
}

@article{bird2024cifake,
  title={Cifake: Image classification and explainable identification of ai-generated synthetic images},
  author={Bird, Jordan J and Lotfi, Ahmad},
  journal={IEEE Access},
  year={2024},
  publisher={IEEE}
}

@article{lin2024detecting,
  title={Detecting multimedia generated by large ai models: A survey},
  author={Lin, Li and Gupta, Neeraj and Zhang, Yue and Ren, Hainan and Liu, Chun-Hao and Ding, Feng and Wang, Xin and Li, Xin and Verdoliva, Luisa and Hu, Shu},
  journal={arXiv preprint arXiv:2402.00045},
  year={2024}
}

@inproceedings{shen2024rethinking,
  title={Rethinking the Spatial Inconsistency in Classifier-Free Diffusion Guidance},
  author={Shen, Dazhong and Song, Guanglu and Xue, Zeyue and Wang, Fu-Yun and Liu, Yu},
  booktitle={Proceedings of the IEEE/CVF Conference on Computer Vision and Pattern Recognition},
  pages={9370--9379},
  year={2024}
}

@article{lipman2022flow,
  title={Flow matching for generative modeling},
  author={Lipman, Yaron and Chen, Ricky TQ and Ben-Hamu, Heli and Nickel, Maximilian and Le, Matt},
  journal={arXiv preprint arXiv:2210.02747},
  year={2022}
}

@misc{VSehwag_minimal_diffusion,
  author = {Vikash Sehwag},
  title = {\textit{Minimal implementation of diffusion models}},
  year = {2024},
  howpublished = {\url{https://github.com/VSehwag/minimal-diffusion}},
  note = {Accessed: 2024-11-01}
}


@article{sclocchi2024phase,
  title={A phase transition in diffusion models reveals the hierarchical nature of data},
  author={Sclocchi, Antonio and Favero, Alessandro and Wyart, Matthieu},
  journal={arXiv preprint arXiv:2402.16991},
  year={2024}
}

@inproceedings{peebles2023scalable,
  title={Scalable diffusion models with transformers},
  author={Peebles, William and Xie, Saining},
  booktitle={Proceedings of the IEEE/CVF International Conference on Computer Vision},
  pages={4195--4205},
  year={2023}
}


@inproceedings{he2016deep,
  title={Deep residual learning for image recognition},
  author={He, Kaiming and Zhang, Xiangyu and Ren, Shaoqing and Sun, Jian},
  booktitle={Proceedings of the IEEE conference on computer vision and pattern recognition},
  pages={770--778},
  year={2016}
}

@article{schaeffer2024bridging,
  title={Bridging Associative Memory and Probabilistic Modeling},
  author={Schaeffer, Rylan and Zahedi, Nika and Khona, Mikail and Pai, Dhruv and Truong, Sang and Du, Yilun and Ostrow, Mitchell and Chandra, Sarthak and Carranza, Andres and Fiete, Ila Rani and others},
  journal={arXiv preprint arXiv:2402.10202},
  year={2024}
}

@article{ambrogioni2023statistical,
  title={The statistical thermodynamics of generative diffusion models},
  author={Ambrogioni, Luca},
  journal={arXiv preprint arXiv:2310.17467},
  year={2023}
}

@article{hoover2023memory,
  title={Memory in plain sight: A survey of the uncanny resemblances between diffusion models and associative memories},
  author={Hoover, Benjamin and Strobelt, Hendrik and Krotov, Dmitry and Hoffman, Judy and Kira, Zsolt and Chau, Duen Horng},
  journal={arXiv preprint arXiv:2309.16750},
  year={2023}
}

@article{ambrogioni2023search,
  title={In search of dispersed memories: Generative diffusion models are associative memory networks},
  author={Ambrogioni, Luca},
  journal={arXiv preprint arXiv:2309.17290},
  year={2023}
}

@article{krotov2016dense,
  title={Dense associative memory for pattern recognition},
  author={Krotov, Dmitry and Hopfield, John J},
  journal={Advances in neural information processing systems},
  volume={29},
  year={2016}
}

@article{amit1987statistical,
  title={Statistical mechanics of neural networks near saturation},
  author={Amit, Daniel J and Gutfreund, Hanoch and Sompolinsky, Haim},
  journal={Annals of physics},
  volume={173},
  number={1},
  pages={30--67},
  year={1987},
  publisher={Elsevier}
}

@article{amit1985spin,
  title={Spin-glass models of neural networks},
  author={Amit, Daniel J and Gutfreund, Hanoch and Sompolinsky, Haim},
  journal={Physical Review A},
  volume={32},
  number={2},
  pages={1007},
  year={1985},
  publisher={APS}
}

@article{hopfield1982neural,
  title={Neural networks and physical systems with emergent collective computational abilities.},
  author={Hopfield, John J},
  journal={Proceedings of the national academy of sciences},
  volume={79},
  number={8},
  pages={2554--2558},
  year={1982},
  publisher={National Acad Sciences}
}

@article{ventura2024manifolds,
  title={Manifolds, Random Matrices and Spectral Gaps: The geometric phases of generative diffusion},
  author={Ventura, Enrico and Achilli, Beatrice and Silvestri, Gianluigi and Lucibello, Carlo and Ambrogioni, Luca},
  journal={arXiv preprint arXiv:2410.05898},
  year={2024}
}

@article{okawa2024compositional,
  title={Compositional abilities emerge multiplicatively: Exploring diffusion models on a synthetic task},
  author={Okawa, Maya and Lubana, Ekdeep S and Dick, Robert and Tanaka, Hidenori},
  journal={Advances in Neural Information Processing Systems},
  volume={36},
  year={2024}
}

@article{li2022diffusion,
  title={Diffusion-lm improves controllable text generation},
  author={Li, Xiang and Thickstun, John and Gulrajani, Ishaan and Liang, Percy S and Hashimoto, Tatsunori B},
  journal={Advances in Neural Information Processing Systems},
  volume={35},
  pages={4328--4343},
  year={2022}
}

@article{li2023diffusion,
  title={Diffusion models for non-autoregressive text generation: A survey},
  author={Li, Yifan and Zhou, Kun and Zhao, Wayne Xin and Wen, Ji-Rong},
  journal={arXiv preprint arXiv:2303.06574},
  year={2023}
}

@article{watson2023novo,
  title={De novo design of protein structure and function with RFdiffusion},
  author={Watson, Joseph L and Juergens, David and Bennett, Nathaniel R and Trippe, Brian L and Yim, Jason and Eisenach, Helen E and Ahern, Woody and Borst, Andrew J and Ragotte, Robert J and Milles, Lukas F and others},
  journal={Nature},
  volume={620},
  number={7976},
  pages={1089--1100},
  year={2023},
  publisher={Nature Publishing Group UK London}
}

@article{alakhdar2024diffusion,
  title={Diffusion models in de novo drug design},
  author={Alakhdar, Amira and Poczos, Barnabas and Washburn, Newell},
  journal={Journal of Chemical Information and Modeling},
  year={2024},
  publisher={ACS Publications}
}

@article{blattmann2023stable,
  title={Stable video diffusion: Scaling latent video diffusion models to large datasets},
  author={Blattmann, Andreas and Dockhorn, Tim and Kulal, Sumith and Mendelevitch, Daniel and Kilian, Maciej and Lorenz, Dominik and Levi, Yam and English, Zion and Voleti, Vikram and Letts, Adam and others},
  journal={arXiv preprint arXiv:2311.15127},
  year={2023}
}

@article{ho2022video,
  title={Video diffusion models},
  author={Ho, Jonathan and Salimans, Tim and Gritsenko, Alexey and Chan, William and Norouzi, Mohammad and Fleet, David J},
  journal={Advances in Neural Information Processing Systems},
  volume={35},
  pages={8633--8646},
  year={2022}
}

@article{ho2022imagen,
  title={Imagen video: High definition video generation with diffusion models},
  author={Ho, Jonathan and Chan, William and Saharia, Chitwan and Whang, Jay and Gao, Ruiqi and Gritsenko, Alexey and Kingma, Diederik P and Poole, Ben and Norouzi, Mohammad and Fleet, David J and others},
  journal={arXiv preprint arXiv:2210.02303},
  year={2022}
}

@article{ramesh2022hierarchical,
  title={Hierarchical text-conditional image generation with clip latents},
  author={Ramesh, Aditya and Dhariwal, Prafulla and Nichol, Alex and Chu, Casey and Chen, Mark},
  journal={arXiv preprint arXiv:2204.06125},
  volume={1},
  number={2},
  pages={3},
  year={2022}
}

@inproceedings{rombach2022high,
  title={High-resolution image synthesis with latent diffusion models},
  author={Rombach, Robin and Blattmann, Andreas and Lorenz, Dominik and Esser, Patrick and Ommer, Bj{\"o}rn},
  booktitle={Proceedings of the IEEE/CVF conference on computer vision and pattern recognition},
  pages={10684--10695},
  year={2022}
}

@inproceedings{radford2021learning,
  title={Learning transferable visual models from natural language supervision},
  author={Radford, Alec and Kim, Jong Wook and Hallacy, Chris and Ramesh, Aditya and Goh, Gabriel and Agarwal, Sandhini and Sastry, Girish and Askell, Amanda and Mishkin, Pamela and Clark, Jack and others},
  booktitle={International conference on machine learning},
  pages={8748--8763},
  year={2021},
  organization={PMLR}
}

@article{wang2024diffusion,
  title={Diffusion Models Learn Low-Dimensional Distributions via Subspace Clustering},
  author={Wang, Peng and Zhang, Huijie and Zhang, Zekai and Chen, Siyi and Ma, Yi and Qu, Qing},
  journal={arXiv preprint arXiv:2409.02426},
  year={2024}
}

@inproceedings{oko2023diffusion,
  title={Diffusion models are minimax optimal distribution estimators},
  author={Oko, Kazusato and Akiyama, Shunta and Suzuki, Taiji},
  booktitle={International Conference on Machine Learning},
  pages={26517--26582},
  year={2023},
  organization={PMLR}
}

@inproceedings{chen2023score,
  title={Score approximation, estimation and distribution recovery of diffusion models on low-dimensional data},
  author={Chen, Minshuo and Huang, Kaixuan and Zhao, Tuo and Wang, Mengdi},
  booktitle={International Conference on Machine Learning},
  pages={4672--4712},
  year={2023},
  organization={PMLR}
}

@article{krizhevsky2012imagenet,
  title={Imagenet classification with deep convolutional neural networks},
  author={Krizhevsky, Alex and Sutskever, Ilya and Hinton, Geoffrey E},
  journal={Advances in neural information processing systems},
  volume={25},
  year={2012}
}

@inproceedings{hoogeboom2022equivariant,
  title={Equivariant diffusion for molecule generation in 3d},
  author={Hoogeboom, Emiel and Satorras, V{\i}ctor Garcia and Vignac, Cl{\'e}ment and Welling, Max},
  booktitle={International conference on machine learning},
  pages={8867--8887},
  year={2022},
  organization={PMLR}
}

@inproceedings{ronneberger2015u,
  title={U-net: Convolutional networks for biomedical image segmentation},
  author={Ronneberger, Olaf and Fischer, Philipp and Brox, Thomas},
  booktitle={Medical image computing and computer-assisted intervention--MICCAI 2015: 18th international conference, Munich, Germany, October 5-9, 2015, proceedings, part III 18},
  pages={234--241},
  year={2015},
  organization={Springer}
}

@inproceedings{carlini2023extracting,
  title={Extracting training data from diffusion models},
  author={Carlini, Nicolas and Hayes, Jamie and Nasr, Milad and Jagielski, Matthew and Sehwag, Vikash and Tramer, Florian and Balle, Borja and Ippolito, Daphne and Wallace, Eric},
  booktitle={32nd USENIX Security Symposium (USENIX Security 23)},
  pages={5253--5270},
  year={2023}
}

@article{song2020denoising,
  title={Denoising diffusion implicit models},
  author={Song, Jiaming and Meng, Chenlin and Ermon, Stefano},
  journal={arXiv preprint arXiv:2010.02502},
  year={2020}
}

@article{kadkhodaie2023learning,
  title={Learning multi-scale local conditional probability models of images},
  author={Kadkhodaie, Zahra and Guth, Florentin and Mallat, St{\'e}phane and Simoncelli, Eero P},
  journal={arXiv preprint arXiv:2303.02984},
  year={2023}
}

@article{kadkhodaie2023generalization,
  title={Generalization in diffusion models arises from geometry-adaptive harmonic representation},
  author={Kadkhodaie, Zahra and Guth, Florentin and Simoncelli, Eero P and Mallat, St{\'e}phane},
  journal={arXiv preprint arXiv:2310.02557},
  year={2023}
}

@inproceedings{efros1999texture,
  title={Texture synthesis by non-parametric sampling},
  author={Efros, Alexei A and Leung, Thomas K},
  booktitle={Proceedings of the seventh IEEE international conference on computer vision},
  volume={2},
  pages={1033--1038},
  year={1999},
  organization={IEEE}
}

@article{cybenko1989approximation,
  title={Approximation by superpositions of a sigmoidal function},
  author={Cybenko, George},
  journal={Mathematics of control, signals and systems},
  volume={2},
  number={4},
  pages={303--314},
  year={1989},
  publisher={Springer}
}

@inproceedings{cohen2016group,
  title={Group equivariant convolutional networks},
  author={Cohen, Taco and Welling, Max},
  booktitle={International conference on machine learning},
  pages={2990--2999},
  year={2016},
  organization={PMLR}
}

@article{benton2024nearly,
  title={Nearly d-linear convergence bounds for diffusion models via stochastic localization},
  author={Benton, Joe and Bortoli, VD and Doucet, Arnaud and Deligiannidis, George},
  year={2024},
  publisher={OpenReview}
}

@article{de2022convergence,
  title={Convergence of denoising diffusion models under the manifold hypothesis},
  author={De Bortoli, Valentin},
  journal={arXiv preprint arXiv:2208.05314},
  year={2022}
}

@article{lee2022convergence,
  title={Convergence for score-based generative modeling with polynomial complexity},
  author={Lee, Holden and Lu, Jianfeng and Tan, Yixin},
  journal={Advances in Neural Information Processing Systems},
  volume={35},
  pages={22870--22882},
  year={2022}
}

@article{biroli2024dynamical,
  title={Dynamical regimes of diffusion models},
  author={Biroli, Giulio and Bonnaire, Tony and De Bortoli, Valentin and M{\'e}zard, Marc},
  journal={arXiv preprint arXiv:2402.18491},
  year={2024}
}

@inproceedings{zhang2023emergence,
  title={The emergence of reproducibility and consistency in diffusion models},
  author={Zhang, Huijie and Zhou, Jinfan and Lu, Yifu and Guo, Minzhe and Wang, Peng and Shen, Liyue and Qu, Qing},
  booktitle={Forty-first International Conference on Machine Learning},
  year={2023}
}

@article{dhariwal2021diffusion,
  title={Diffusion models beat gans on image synthesis},
  author={Dhariwal, Prafulla and Nichol, Alexander},
  journal={Advances in neural information processing systems},
  volume={34},
  pages={8780--8794},
  year={2021}
}

@article{song2020score,
  title={Score-based generative modeling through stochastic differential equations},
  author={Song, Yang and Sohl-Dickstein, Jascha and Kingma, Diederik P and Kumar, Abhishek and Ermon, Stefano and Poole, Ben},
  journal={arXiv preprint arXiv:2011.13456},
  year={2020}
}

@article{song2019generative,
  title={Generative modeling by estimating gradients of the data distribution},
  author={Song, Yang and Ermon, Stefano},
  journal={Advances in neural information processing systems},
  volume={32},
  year={2019}
}

@article{ho2020denoising,
  title={Denoising diffusion probabilistic models},
  author={Ho, Jonathan and Jain, Ajay and Abbeel, Pieter},
  journal={Advances in neural information processing systems},
  volume={33},
  pages={6840--6851},
  year={2020}
}

@inproceedings{sohl2015deep,
  title={Deep unsupervised learning using nonequilibrium thermodynamics},
  author={Sohl-Dickstein, Jascha and Weiss, Eric and Maheswaranathan, Niru and Ganguli, Surya},
  booktitle={International conference on machine learning},
  pages={2256--2265},
  year={2015},
  organization={PMLR}
}

@article{bahri2021explaining,
  title={Explaining neural scaling laws},
  author={Bahri, Yasaman and Dyer, Ethan and Kaplan, Jared and Lee, Jaehoon and Sharma, Utkarsh},
  journal={arXiv preprint arXiv:2102.06701},
  year={2021}
}

@article{chen2023stochastic,
  title={Stochastic Collapse: How Gradient Noise Attracts SGD Dynamics Towards Simpler Subnetworks},
  author={Chen, Feng and Kunin, Daniel and Yamamura, Atsushi and Ganguli, Surya},
  journal={arXiv preprint arXiv:2306.04251},
  year={2023}
}

@article{kwon2005structure,
  title={Structure of stochastic dynamics near fixed points},
  author={Kwon, Chulan and Ao, Ping and Thouless, David J},
  journal={Proceedings of the National Academy of Sciences},
  volume={102},
  number={37},
  pages={13029--13033},
  year={2005},
  publisher={National Acad Sciences}
}

@article{pearlmutter1994fast,
  title={Fast exact multiplication by the Hessian},
  author={Pearlmutter, Barak A},
  journal={Neural computation},
  volume={6},
  number={1},
  pages={147--160},
  year={1994},
  publisher={MIT Press}
}

@article{zimmerman1991estimation,
  title={Estimation of macromolecule concentrations and excluded volume effects for the cytoplasm of Escherichia coli},
  author={Zimmerman, Steven B and Trach, Stefan O},
  journal={Journal of molecular biology},
  volume={222},
  number={3},
  pages={599--620},
  year={1991},
  publisher={Elsevier}
}

@article{nagaraj2011deep,
  title={Deep proteome and transcriptome mapping of a human cancer cell line},
  author={Nagaraj, Nagarjuna and Wisniewski, Jacek R and Geiger, Tamar and Cox, Juergen and Kircher, Martin and Kelso, Janet and P{\"a}{\"a}bo, Svante and Mann, Matthias},
  journal={Molecular systems biology},
  volume={7},
  number={1},
  pages={548},
  year={2011},
  publisher={John Wiley \& Sons, Ltd Chichester, UK}
}

@article{sear2003instabilities,
  title={Instabilities in complex mixtures with a large number of components},
  author={Sear, Richard P and Cuesta, Jos{\'e} A},
  journal={Physical review letters},
  volume={91},
  number={24},
  pages={245701},
  year={2003},
  publisher={APS}
}

@article{gilmer2018adversarial,
  title={Adversarial spheres},
  author={Gilmer, Justin and Metz, Luke and Faghri, Fartash and Schoenholz, Samuel S and Raghu, Maithra and Wattenberg, Martin and Goodfellow, Ian},
  journal={arXiv preprint arXiv:1801.02774},
  year={2018}
}

