@article{luo2019end,
  title={End-to-end active object tracking and its real-world deployment via reinforcement learning},
  author={Luo, Wenhan and Sun, Peng and Zhong, Fangwei and Liu, Wei and Zhang, Tong and Wang, Yizhou},
  journal={IEEE Transactions on Pattern Analysis and Machine Intelligence},
  volume={42},
  number={6},
  pages={1317--1332},
  year={2019},
  publisher={IEEE}
}

@inproceedings{zhong2024empowering,
  title={Empowering embodied visual tracking with visual foundation models and offline rl},
  author={Zhong, Fangwei and Wu, Kui and Ci, Hai and Wang, Churan and Chen, Hao},
  booktitle={European Conference on Computer Vision},
  pages={139--155},
  year={2024},
  organization={Springer}
}

@article{cheng2024legent,
  title={LEGENT: Open Platform for Embodied Agents},
  author={Cheng, Zhili and Wang, Zhitong and Hu, Jinyi and Hu, Shengding and Liu, An and Tu, Yuge and Li, Pengkai and Shi, Lei and Liu, Zhiyuan and Sun, Maosong},
  journal={arXiv preprint arXiv:2404.18243},
  year={2024}
}
@article{yang2024v,
  title={V-irl: Grounding virtual intelligence in real life},
  author={Yang, Jihan and Ding, Runyu and Brown, Ellis and Qi, Xiaojuan and Xie, Saining},
  journal={arXiv preprint arXiv:2402.03310},
  year={2024}
}
@misc{yu2023conavgptmultirobotcooperativevisual,
      title={Co-NavGPT: Multi-Robot Cooperative Visual Semantic Navigation using Large Language Models}, 
      author={Bangguo Yu and Hamidreza Kasaei and Ming Cao},
      year={2023},
      eprint={2310.07937},
      archivePrefix={arXiv},
      primaryClass={cs.RO},
      url={https://arxiv.org/abs/2310.07937}, 
}
% Reinforcement learning algorithm
@inproceedings{yu2024learning,
title={Learning Visual Parkour from Generated Images},
author={Alan Yu and Ge Yang and Ran Choi and Yajvan Ravan and John Leonard and Phillip Isola},
booktitle={8th Annual Conference on Robot Learning},
year={2024},
url={https://openreview.net/forum?id=cGswIOxHcN}
}
@inproceedings{yokoyama2024vlfm,
  title={VLFM: Vision-Language Frontier Maps for Zero-Shot Semantic Navigation},
  author={Naoki Yokoyama and Sehoon Ha and Dhruv Batra and Jiuguang Wang and Bernadette Bucher},
  booktitle={International Conference on Robotics and Automation (ICRA)},
  year={2024}
}
@inproceedings{mnih2016asynchronous,
  title={Asynchronous methods for deep reinforcement learning},
  author={Mnih, Volodymyr and Badia, Adria Puigdomenech and Mirza, Mehdi and Graves, Alex and Lillicrap, Timothy and Harley, Tim and Silver, David and Kavukcuoglu, Koray},
  booktitle={International Conference on Machine Learning},
  pages={1928--1937},
  year={2016}
}

@article{mnih2015human,
  title={Human-level control through deep reinforcement learning},
  author={Mnih, Volodymyr and Kavukcuoglu, Koray and Silver, David and Rusu, Andrei A and Veness, Joel and Bellemare, Marc G and Graves, Alex and Riedmiller, Martin and Fidjeland, Andreas K and Ostrovski, Georg and others},
  journal={Nature},
  volume={518},
  number={7540},
  pages={529--533},
  year={2015},
  publisher={Nature Research}
}

@article{kulkarni2016deep,
  title={Deep successor reinforcement learning},
  author={Kulkarni, Tejas D and Saeedi, Ardavan and Gautam, Simanta and Gershman, Samuel J},
  journal={arXiv preprint arXiv:1606.02396},
  year={2016}
}

@article{alphaGo,
  title={Mastering the game of Go with deep neural networks and tree search},
  author={Silver, David and Huang, Aja and Maddison, Chris J and Guez, Arthur and Sifre, Laurent and Van Den Driessche, George and Schrittwieser, Julian and Antonoglou, Ioannis and Panneershelvam, Veda and Lanctot, Marc and others},
  journal={nature},
  volume={529},
  number={7587},
  pages={484--489},
  year={2016},
  publisher={Nature Publishing Group}
}

@inproceedings{DeepArm,
  title={Deep reinforcement learning for robotic manipulation with asynchronous off-policy updates},
  author={Gu, Shixiang and Holly, Ethan and Lillicrap, Timothy and Levine, Sergey},
  booktitle={2017 IEEE International Conference on Robotics and Automation (ICRA)},
  pages={3389--3396},
  year={2017},
  organization={IEEE}
}

@inproceedings{thor2017,
  title={Target-driven Visual Navigation in Indoor Scenes using Deep Reinforcement Learning},
  author={Yuke Zhu and Roozbeh Mottaghi and Eric Kolve and Joseph J. Lim and Abhinav Gupta and Li Fei{-}Fei and Ali Farhadi},
  booktitle={International Conference on Robotics and Automation (ICRA)},              
  year={2017},
}

@article{Mirowski2016,
  title={Learning to navigate in complex environments},
  author={Mirowski, Piotr and Pascanu, Razvan and Viola, Fabio and Soyer, Hubert and Ballard, Andrew J and Banino, Andrea and Denil, Misha and Goroshin, Ross and Sifre, Laurent and Kavukcuoglu, Koray and others},
  journal={arXiv preprint arXiv:1611.03673},
  year={2016}
}

@InProceedings{cimpoi14describing,
	 Author    = {M. Cimpoi and S. Maji and I. Kokkinos and S. Mohamed and and A. Vedaldi},
	 Title     = {Describing Textures in the Wild},
	 Booktitle = {Proceedings of the {IEEE} Conf. on Computer Vision and Pattern Recognition ({CVPR})},
	      Year      = {2014}}
% virtual environment

@inproceedings{CARLA,
  title={CARLA: An Open Urban Driving Simulator},
  author={Dosovitskiy, Alexey and Ros, German and Codevilla, Felipe and Lopez, Antonio and Koltun, Vladlen},
  booktitle={Conference on Robot Learning},
  pages={1--16},
  year={2017},
  organization={PMLR}
}

@article{brodeur2017home,
  title={HoME: A household multimodal environment},
  author={Brodeur, Simon and Perez, Ethan and Anand, Ankesh and Golemo, Florian and Celotti, Luca and Strub, Florian and Rouat, Jean and Larochelle, Hugo and Courville, Aaron},
  journal={arXiv preprint arXiv:1711.11017},
  year={2017}
}


@article{house3D,
  title={Building Generalizable Agents with a Realistic and Rich 3D Environment},
  author={Wu, Yi and Wu, Yuxin and Gkioxari, Georgia and Tian, Yuandong},
  journal={arXiv preprint arXiv:1801.02209},
  year={2018}
}

@inproceedings{qiu2016unrealcv,
  title={UnrealCV: Connecting Computer Vision to Unreal Engine},
  author={Qiu, Weichao and Yuille, Alan},
  booktitle={Computer Vision--ECCV 2016 Workshops},
  pages={909--916},
  year={2016},
  organization={Springer International Publishing}
}

@inproceedings{Kempka2016ViZDoom,
  author={Micha{\l} Kempka and Marek Wydmuch and Grzegorz Runc and Jakub Toczek and Wojciech Ja\'skowski},
  title={{ViZDoom}: A {D}oom-based {AI} Research Platform for Visual Reinforcement Learning},
  booktitle={IEEE Conference on Computational Intelligence and Games},  
  year={2016},
  url={http://arxiv.org/abs/1605.02097},
  address={Santorini, Greece},
  Month={Sep},
  Pages={341--348},
  Publisher={IEEE},
  Note={The best paper award}
}

@article{mnih2013playing,
  title={Playing atari with deep reinforcement learning},
  author={Mnih, Volodymyr and Kavukcuoglu, Koray and Silver, David and Graves, Alex and Antonoglou, Ioannis and Wierstra, Daan and Riedmiller, Martin},
  journal={arXiv preprint arXiv:1312.5602},
  year={2013}
}
@article{song2016ssc, 
    title= {Semantic Scene Completion from a Single Depth Image}, 
    author= {Song, Shuran and Yu, Fisher and Zeng, Andy and Chang, Angel X and Savva, Manolis and Funkhouser, Thomas}, 
    journal={IEEE Conference on Computer Vision and Pattern Recognition}, 
    year={2017} 
}

@article{beattie2016deepmind,
  title={Deepmind lab},
  author={Beattie, Charles and Leibo, Joel Z and Teplyashin, Denis and Ward, Tom and Wainwright, Marcus and K{\"u}ttler, Heinrich and Lefrancq, Andrew and Green, Simon and Vald{\'e}s, V{\'\i}ctor and Sadik, Amir and others},
  journal={arXiv preprint arXiv:1612.03801},
  year={2016}
}


@inproceedings{airsim,
Author = {Shital Shah and Debadeepta Dey and Chris Lovett and Ashish Kapoor},
Title = {AirSim: High-Fidelity Visual and Physical Simulation for Autonomous Vehicles},
Year = {2018},
booktitle={Field and Service Robotics},
pages={621--635},
}


@article{ALE,
  title={The Arcade Learning Environment: An evaluation platform for general agents.},
  author={Bellemare, Marc G and Naddaf, Yavar and Veness, Joel and Bowling, Michael},
  journal={J. Artif. Intell. Res.(JAIR)},
  volume={47},
  pages={253--279},
  year={2013}
}


@inproceedings{Minecraft,
  title={The Malmo Platform for Artificial Intelligence Experimentation.},
  author={Johnson, Matthew and Hofmann, Katja and Hutton, Tim and Bignell, David},
  booktitle={IJCAI},
  pages={4246--4247},
  year={2016}
}

@article{lerer2016learning,
  title={Learning physical intuition of block towers by example},
  author={Lerer, Adam and Gross, Sam and Fergus, Rob},
  journal={arXiv preprint arXiv:1603.01312},
  year={2016}
}

@article{brockman2016openai,
  title={OpenAI gym},
  author={Brockman, Greg and Cheung, Vicki and Pettersson, Ludwig and Schneider, Jonas and Schulman, John and Tang, Jie and Zaremba, Wojciech},
  journal={arXiv preprint arXiv:1606.01540},
  year={2016}
}

@inproceedings{todorov2012mujoco,
  title={MuJoCo: A physics engine for model-based control},
  author={Todorov, Emanuel and Erez, Tom and Tassa, Yuval},
  booktitle={Intelligent Robots and Systems (IROS), 2012 IEEE/RSJ International Conference on},
  pages={5026--5033},
  year={2012},
  organization={IEEE}
}

% virtual world analyze
@article{zhang2016unrealstereo,
  title={UnrealStereo: A Synthetic Dataset for Analyzing Stereo Vision},
  author={Zhang, Yi and Qiu, Weichao and Chen, Qi and Hu, Xiaolin and Yuille, Alan},
  journal={arXiv preprint arXiv:1612.04647},
  year={2016}
}

@inproceedings{virtual_kitti,
  title={Virtual worlds as proxy for multi-object tracking analysis},
  author={Gaidon, Adrien and Wang, Qiao and Cabon, Yohann and Vig, Eleonora},
  booktitle={Proceedings of the IEEE Conference on Computer Vision and Pattern Recognition},
  pages={4340--4349},
  year={2016}
}

@article{johnson2016clevr,
  title={CLEVR: A diagnostic dataset for compositional language and elementary visual reasoning},
  author={Johnson, Justin and Hariharan, Bharath and van der Maaten, Laurens and Fei-Fei, Li and Zitnick, C Lawrence and Girshick, Ross},
  journal={arXiv preprint arXiv:1612.06890},
  year={2016}
}

@article{qiao2017scalenet,
  title={ScaleNet: Guiding Object Proposal Generation in Supermarkets and Beyond},
  author={Qiao, Siyuan and Shen, Wei and Qiu, Weichao and Liu, Chenxi and Yuille, Alan},
  journal={arXiv preprint arXiv:1704.06752},
  year={2017}
}


@inproceedings{adobbati2001gamebots,
  title={Gamebots: A 3d virtual world test-bed for multi-agent research},
  author={Adobbati, Rogelio and Marshall, Andrew N and Scholer, Andrew and Tejada, Sheila and Kaminka, Gal A and Schaffer, Steven and Sollitto, Chris},
  booktitle={Proceedings of the second international workshop on Infrastructure for Agents, MAS, and Scalable MAS},
  volume={5},
  year={2001},
  organization={Montreal, Canada}
}

% synthetic dataset
@inproceedings{richter2016playing,
  title={Playing for data: Ground truth from computer games},
  author={Richter, Stephan R and Vineet, Vibhav and Roth, Stefan and Koltun, Vladlen},
  booktitle={European Conference on Computer Vision},
  pages={102--118},
  year={2016},
  organization={Springer}
}
@inproceedings{ros2016synthia,
  title={The synthia dataset: A large collection of synthetic images for semantic segmentation of urban scenes},
  author={Ros, German and Sellart, Laura and Materzynska, Joanna and Vazquez, David and Lopez, Antonio M},
  booktitle={Proceedings of the IEEE Conference on Computer Vision and Pattern Recognition},
  pages={3234--3243},
  year={2016}
}

@article{scenenet,
  title={SceneNet RGB-D: 5M Photorealistic Images of Synthetic Indoor Trajectories with Ground Truth},
  author={McCormac, John and Handa, Ankur and Leutenegger, Stefan and Davison, Andrew J},
  journal={arXiv preprint arXiv:1612.05079},
  year={2016}
}

@article{song2016ssc, 
    title= {Semantic Scene Completion from a Single Depth Image}, 
    author= {Song, Shuran and Yu, Fisher and Zeng, Andy and Chang, Angel X and Savva, Manolis and Funkhouser, Thomas}, 
    journal={IEEE Conference on Computer Vision and Pattern Recognition}, 
    year={2017} 
}

@inproceedings{mueller2016benchmark,
  title={A benchmark and simulator for uav tracking},
  author={Mueller, Matthias and Smith, Neil and Ghanem, Bernard},
  booktitle={European Conference on Computer Vision},
  pages={445--461},
  year={2016},
  organization={Springer}
}

@article{shafaei2016play,
  title={Play and learn: Using video games to train computer vision models},
  author={Shafaei, Alireza and Little, James J and Schmidt, Mark},
  journal={arXiv preprint arXiv:1608.01745},
  year={2016}
}
@article{kumar2020conservative,
  title={Conservative q-learning for offline reinforcement learning},
  author={Kumar, Aviral and Zhou, Aurick and Tucker, George and Levine, Sergey},
  journal={Advances in Neural Information Processing Systems},
  volume={33},
  pages={1179--1191},
  year={2020}
}
@inproceedings{taylor2007ovvv,
  title={Ovvv: Using virtual worlds to design and evaluate surveillance systems},
  author={Taylor, Geoffrey R and Chosak, Andrew J and Brewer, Paul C},
  booktitle={Computer Vision and Pattern Recognition, 2007. CVPR'07. IEEE Conference on},
  pages={1--8},
  year={2007},
  organization={IEEE}
}

@inproceedings{gupta2009using,
  title={Using a virtual world to design a simulation platform for vision and robotic systems},
  author={Gupta, Om K and Jarvis, Ray A},
  booktitle={International Symposium on Visual Computing},
  pages={233--242},
  year={2009},
  organization={Springer}
}

@inproceedings{butler2012naturalistic,
  title={A naturalistic open source movie for optical flow evaluation},
  author={Butler, Daniel J and Wulff, Jonas and Stanley, Garrett B and Black, Michael J},
  booktitle={European Conference on Computer Vision},
  pages={611--625},
  year={2012},
  organization={Springer}
}

@inproceedings{varol17,
  TITLE     = {{Learning from Synthetic Humans}},
  AUTHOR    = {Varol, G{\"u}l and Romero, Javier and Martin, Xavier and Mahmood, Naureen and Black, Michael J. and Laptev, Ivan and Schmid, Cordelia},
  BOOKTITLE = {CVPR},
  YEAR      = {2017}
}

@article{varol2017learning,
  title={Learning from synthetic humans},
  author={Varol, G{\"u}l and Romero, Javier and Martin, Xavier and Mahmood, Naureen and Black, Michael and Laptev, Ivan and Schmid, Cordelia},
  journal={arXiv preprint arXiv:1701.01370},
  year={2017}
}

% slam
@inproceedings{handa2014benchmark,
  title={A benchmark for RGB-D visual odometry, 3D reconstruction and SLAM},
  author={Handa, Ankur and Whelan, Thomas and McDonald, John and Davison, Andrew J},
  booktitle={Robotics and automation (ICRA), 2014 IEEE international conference on},
  pages={1524--1531},
  year={2014},
  organization={IEEE}
}

@inproceedings{peris2012towards,
  title={Towards a simulation driven stereo vision system},
  author={Peris, Martin and Martull, Sara and Maki, Atsuto and Ohkawa, Yasuhiro and Fukui, Kazuhiro},
  booktitle={Pattern Recognition (ICPR), 2012 21st International Conference on},
  pages={1038--1042},
  year={2012},
  organization={IEEE}
}

@inproceedings{sturm2012benchmark,
  title={A benchmark for the evaluation of RGB-D SLAM systems},
  author={Sturm, J{\"u}rgen and Engelhard, Nikolas and Endres, Felix and Burgard, Wolfram and Cremers, Daniel},
  booktitle={Intelligent Robots and Systems (IROS), 2012 IEEE/RSJ International Conference on},
  pages={573--580},
  year={2012},
  organization={IEEE}
}



% image dataset 
@inproceedings{deng2009imagenet,
  title={Imagenet: A large-scale hierarchical image database},
  author={Deng, Jia and Dong, Wei and Socher, Richard and Li, Li-Jia and Li, Kai and Fei-Fei, Li},
  booktitle={Computer Vision and Pattern Recognition, 2009. CVPR 2009. IEEE Conference on},
  pages={248--255},
  year={2009},
  organization={IEEE}
}

@inproceedings{lin2014microsoft,
  title={Microsoft coco: Common objects in context},
  author={Lin, Tsung-Yi and Maire, Michael and Belongie, Serge and Hays, James and Perona, Pietro and Ramanan, Deva and Doll{\'a}r, Piotr and Zitnick, C Lawrence},
  booktitle={European conference on computer vision},
  pages={740--755},
  year={2014},
  organization={Springer}
}

@article{everingham2010pascal,
  title={The pascal visual object classes (voc) challenge},
  author={Everingham, Mark and Van Gool, Luc and Williams, Christopher KI and Winn, John and Zisserman, Andrew},
  journal={International Journal of Computer Vision},
  volume={88},
  number={2},
  pages={303--338},
  year={2010},
  publisher={Springer}
}
%kitti
@inproceedings{geiger2012we,
  title={Are we ready for autonomous driving? the kitti vision benchmark suite},
  author={Geiger, Andreas and Lenz, Philip and Urtasun, Raquel},
  booktitle={Computer Vision and Pattern Recognition (CVPR), 2012 IEEE Conference on},
  pages={3354--3361},
  year={2012},
  organization={IEEE}
}

%NYU dataset
@article{silberman2012indoor,
  title={Indoor segmentation and support inference from rgbd images},
  author={Silberman, Nathan and Hoiem, Derek and Kohli, Pushmeet and Fergus, Rob},
  journal={Computer Vision--ECCV 2012},
  pages={746--760},
  year={2012},
  publisher={Springer}
}


%active vision
@article{ammirato2017dataset,
  title={A Dataset for Developing and Benchmarking Active Vision},
  author={Ammirato, Phil and Poirson, Patrick and Park, Eunbyung and Kosecka, Jana and Berg, Alexander C},
  journal={arXiv preprint arXiv:1702.08272},
  year={2017}
}

% standford 3d
@article{armeni2017joint,
  title={Joint 2D-3D-Semantic Data for Indoor Scene Understanding},
  author={Armeni, Iro and Sax, Sasha and Zamir, Amir R and Savarese, Silvio},
  journal={arXiv preprint arXiv:1702.01105},
  year={2017}
}

% SLAM algorithm
@article{mur2017orb,
  title={Orb-slam2: An open-source slam system for monocular, stereo, and rgb-d cameras},
  author={Mur-Artal, Raul and Tard{\'o}s, Juan D},
  journal={IEEE Transactions on Robotics},
  volume={33},
  number={5},
  pages={1255--1262},
  year={2017},
  publisher={IEEE}
}

@inproceedings{qiu2017unrealcv,
  title={Unrealcv: Virtual worlds for computer vision},
  author={Qiu, Weichao and Zhong, Fangwei and Zhang, Yi and Qiao, Siyuan and Xiao, Zihao and Kim, Tae Soo and Wang, Yizhou},
  booktitle={Proceedings of the 25th ACM International Conference on Multimedia},
  pages={1221--1224},
  year={2017}
}
% using virtual world for analyze algorithm


% Virtual worlds related added by Weichao Qiu

% optical flow, sintel, 
@inproceedings{butler2012naturalistic,
  title={A naturalistic open source movie for optical flow evaluation},
  author={Butler, Daniel J and Wulff, Jonas and Stanley, Garrett B and Black, Michael J},
  booktitle={European Conference on Computer Vision},
  pages={611--625},
  year={2012},
  organization={Springer}
}

% segmentation, virtual KITTI, SYNTHEIA
@inproceedings{ros2016synthia,
  title={The synthia dataset: A large collection of synthetic images for semantic segmentation of urban scenes},
  author={Ros, German and Sellart, Laura and Materzynska, Joanna and Vazquez, David and Lopez, Antonio M},
  booktitle={Proceedings of the IEEE Conference on Computer Vision and Pattern Recognition},
  pages={3234--3243},
  year={2016}
}

@inproceedings{shi2017world,
  title={World of Bits: An Open-Domain Platform for Web-Based Agents},
  author={Shi, Tianlin and Karpathy, Andrej and Fan, Linxi and Hernandez, Jonathan and Liang, Percy},
  booktitle={International Conference on Machine Learning},
  pages={3135--3144},
  year={2017}
}



% pose estimation, shapenet
@article{chang2015shapenet,
  title={Shapenet: An information-rich 3d model repository},
  author={Chang, Angel X and Funkhouser, Thomas and Guibas, Leonidas and Hanrahan, Pat and Huang, Qixing and Li, Zimo and Savarese, Silvio and Savva, Manolis and Song, Shuran and Su, Hao and others},
  journal={arXiv preprint arXiv:1512.03012},
  year={2015}
}

% GTA, Kultun
@inproceedings{richter2016playing,
  title={Playing for data: Ground truth from computer games},
  author={Richter, Stephan R and Vineet, Vibhav and Roth, Stefan and Koltun, Vladlen},
  booktitle={European Conference on Computer Vision},
  pages={102--118},
  year={2016},
  organization={Springer}
}

% object tracking, Mathew, ECCV
@inproceedings{mueller2016benchmark,
  title={A benchmark and simulator for uav tracking},
  author={Mueller, Matthias and Smith, Neil and Ghanem, Bernard},
  booktitle={European Conference on Computer Vision},
  pages={445--461},
  year={2016},
  organization={Springer}
}

@article{CP2016Deeplab,
  title={DeepLab: Semantic Image Segmentation with Deep Convolutional Nets, Atrous Convolution, and Fully Connected CRFs},
  author={Liang-Chieh Chen and George Papandreou and Iasonas Kokkinos and Kevin Murphy and Alan L Yuille},
  journal={arXiv:1606.00915},
  year={2016}
}

@InProceedings{Richter_2017,
            title = {Playing for Benchmarks},
            author = {Stephan R. Richter and Zeeshan Hayder and Vladlen Koltun},
            booktitle = {International Conference on Computer Vision (ICCV)},
            year = {2017},            
        }


@InProceedings{scenenet,
  title={Scenenet rgb-d: Can 5m synthetic images beat generic imagenet pre-training on indoor segmentation?},
  author={McCormac, John and Handa, Ankur and Leutenegger, Stefan and Davison, Andrew J},
  booktitle={Proceedings of the IEEE International Conference on Computer Vision},
  pages={2678--2687},
  year={2017}
}
		
@article{starcraft,
  title={Starcraft ii: A new challenge for reinforcement learning},
  author={Vinyals, Oriol and Ewalds, Timo and Bartunov, Sergey and Georgiev, Petko and Vezhnevets, Alexander Sasha and Yeo, Michelle and Makhzani, Alireza and K{\"u}ttler, Heinrich and Agapiou, John and Schrittwieser, Julian and others},
  journal={arXiv preprint arXiv:1708.04782},
  year={2017}
}

@inproceedings{
mirowski2016learning,
title={Learning to Navigate in Complex Environments},
author={Piotr Mirowski and Razvan Pascanu and Fabio Viola and Hubert Soyer and Andy Ballard and Andrea Banino and Misha Denil and Ross Goroshin and Laurent Sifre and Koray Kavukcuoglu and Dharshan Kumaran and Raia Hadsell},
booktitle={International Conference on Learning Representations},
year={2017},
url={https://openreview.net/forum?id=SJMGPrcle}
}


@ARTICLE{2017arXiv170201105A,
   author = {{Armeni}, I. and {Sax}, A. and {Zamir}, A.~R. and {Savarese}, S.
	},
    title = "{Joint 2D-3D-Semantic Data for Indoor Scene Understanding}",
  journal = {ArXiv e-prints},
archivePrefix = "arXiv",
   eprint = {1702.01105},
 primaryClass = "cs.CV",
 keywords = {Computer Science - Computer Vision and Pattern Recognition, Computer Science - Robotics},
     year = 2017,
    month = feb,
   adsurl = {http://adsabs.harvard.edu/abs/2017arXiv170201105A},
  adsnote = {Provided by the SAO/NASA Astrophysics Data System}
}

@article{mccormac2016scenenet,
  title={SceneNet RGB-D: 5M Photorealistic Images of Synthetic Indoor Trajectories with Ground Truth},
  author={McCormac, John and Handa, Ankur and Leutenegger, Stefan and Davison, Andrew J},
  journal={arXiv preprint arXiv:1612.05079},
  year={2016}
}

@article{chang2015shapenet,
  title={Shapenet: An information-rich 3d model repository},
  author={Chang, Angel X and Funkhouser, Thomas and Guibas, Leonidas and Hanrahan, Pat and Huang, Qixing and Li, Zimo and Savarese, Silvio and Savva, Manolis and Song, Shuran and Su, Hao and others},
  journal={arXiv preprint arXiv:1512.03012},
  year={2015}
}

@article{lillicrap2015continuous,
  title={Continuous control with deep reinforcement learning},
  author={Lillicrap, Timothy P and Hunt, Jonathan J and Pritzel, Alexander and Heess, Nicolas and Erez, Tom and Tassa, Yuval and Silver, David and Wierstra, Daan},
  journal={arXiv preprint arXiv:1509.02971},
  year={2015}
}


@article{zhang2017sim,
  title={Sim-to-real transfer of visuo-motor policies for reaching in clutter: Domain randomization and adaptation with modular networks},
  author={Zhang, Fangyi and Leitner, J{\"u}rgen and Milford, Michael and Corke, Peter},
  journal={arXiv preprint arXiv:1709.05746},
  year={2017}
}

@article{james2017transferring,
  title={Transferring end-to-end visuomotor control from simulation to real world for a multi-stage task},
  author={James, Stephen and Davison, Andrew J and Johns, Edward},
  journal={arXiv preprint arXiv:1707.02267},
  year={2017}
}
@inproceedings{tobin2017domain,
  title={Domain randomization for transferring deep neural networks from simulation to the real world},
  author={Tobin, Josh and Fong, Rachel and Ray, Alex and Schneider, Jonas and Zaremba, Wojciech and Abbeel, Pieter},
  booktitle={Intelligent Robots and Systems (IROS), 2017 IEEE/RSJ International Conference on},
  pages={23--30},
  year={2017},
  organization={IEEE}
}

@article{sadeghi2016cad2rl,
  title={Cad2rl: Real single-image flight without a single real image},
  author={Sadeghi, Fereshteh and Levine, Sergey},
  journal={arXiv preprint arXiv:1611.04201},
  year={2016}
}

@inproceedings{ren2015faster,
  title={Faster r-cnn: Towards real-time object detection with region proposal networks},
  author={Ren, Shaoqing and He, Kaiming and Girshick, Ross and Sun, Jian},
  booktitle={Advances in neural information processing systems},
  pages={91--99},
  year={2015}
}

@inproceedings{he2016deep,
  title={Deep residual learning for image recognition},
  author={He, Kaiming and Zhang, Xiangyu and Ren, Shaoqing and Sun, Jian},
  booktitle={Proceedings of the IEEE conference on computer vision and pattern recognition},
  pages={770--778},
  year={2016}
}

@inproceedings{lin2017feature,
  title={Feature pyramid networks for object detection},
  author={Lin, Tsung-Yi and Doll{\'a}r, Piotr and Girshick, Ross and He, Kaiming and Hariharan, Bharath and Belongie, Serge},
  booktitle={CVPR},
  volume={1},
  number={2},
  pages={4},
  year={2017}
}

@inproceedings{redmon2016you,
  title={You only look once: Unified, real-time object detection},
  author={Redmon, Joseph and Divvala, Santosh and Girshick, Ross and Farhadi, Ali},
  booktitle={Proceedings of the IEEE conference on computer vision and pattern recognition},
  pages={779--788},
  year={2016}
}

@inproceedings{krizhevsky2012imagenet,
  title={Imagenet classification with deep convolutional neural networks},
  author={Krizhevsky, Alex and Sutskever, Ilya and Hinton, Geoffrey E},
  booktitle={Advances in neural information processing systems},
  pages={1097--1105},
  year={2012}
}

@article{simonyan2014very,
  title={Very deep convolutional networks for large-scale image recognition},
  author={Simonyan, Karen and Zisserman, Andrew},
  journal={arXiv preprint arXiv:1409.1556},
  year={2014}
}

@inproceedings{szegedy2016rethinking,
  title={Rethinking the inception architecture for computer vision},
  author={Szegedy, Christian and Vanhoucke, Vincent and Ioffe, Sergey and Shlens, Jon and Wojna, Zbigniew},
  booktitle={Proceedings of the IEEE Conference on Computer Vision and Pattern Recognition},
  pages={2818--2826},
  year={2016}
}

@inproceedings{dai2016r,
  title={R-fcn: Object detection via region-based fully convolutional networks},
  author={Dai, Jifeng and Li, Yi and He, Kaiming and Sun, Jian},
  booktitle={Advances in neural information processing systems},
  pages={379--387},
  year={2016}
}

@inproceedings{noh2015learning,
  title={Learning deconvolution network for semantic segmentation},
  author={Noh, Hyeonwoo and Hong, Seunghoon and Han, Bohyung},
  booktitle={Proceedings of the IEEE International Conference on Computer Vision},
  pages={1520--1528},
  year={2015}
}

@inproceedings{long2015fully,
  title={Fully convolutional networks for semantic segmentation},
  author={Long, Jonathan and Shelhamer, Evan and Darrell, Trevor},
  booktitle={Proceedings of the IEEE conference on computer vision and pattern recognition},
  pages={3431--3440},
  year={2015}
}

@inproceedings{deng2009imagenet,
  title={Imagenet: A large-scale hierarchical image database},
  author={Deng, Jia and Dong, Wei and Socher, Richard and Li, Li-Jia and Li, Kai and Fei-Fei, Li},
  booktitle={Computer Vision and Pattern Recognition, 2009. CVPR 2009. IEEE Conference on},
  pages={248--255},
  year={2009},
  organization={IEEE}
}

@article{geiger2013vision,
  title={Vision meets robotics: The KITTI dataset},
  author={Geiger, Andreas and Lenz, Philip and Stiller, Christoph and Urtasun, Raquel},
  journal={The International Journal of Robotics Research},
  volume={32},
  number={11},
  pages={1231--1237},
  year={2013},
  publisher={Sage Publications Sage UK: London, England}
}

@article{krishna2017visual,
  title={Visual genome: Connecting language and vision using crowdsourced dense image annotations},
  author={Krishna, Ranjay and Zhu, Yuke and Groth, Oliver and Johnson, Justin and Hata, Kenji and Kravitz, Joshua and Chen, Stephanie and Kalantidis, Yannis and Li, Li-Jia and Shamma, David A and others},
  journal={International Journal of Computer Vision},
  volume={123},
  number={1},
  pages={32--73},
  year={2017},
  publisher={Springer}
}

@article{silver2016mastering,
  title={Mastering the game of Go with deep neural networks and tree search},
  author={Silver, David and Huang, Aja and Maddison, Chris J and Guez, Arthur and Sifre, Laurent and Van Den Driessche, George and Schrittwieser, Julian and Antonoglou, Ioannis and Panneershelvam, Veda and Lanctot, Marc and others},
  journal={Nature},
  volume={529},
  number={7587},
  pages={484--489},
  year={2016},
  publisher={Nature Research}
}

@inproceedings{luo2018end,
  title={End-to-end active object tracking via reinforcement learning},
  author={Luo, Wenhan and Sun, Peng and Zhong, Fangwei and Liu, Wei and Zhang, Tong and Wang, Yizhou},
  booktitle={International Conference on Machine Learning},
  pages={3286--3295},
  year={2018},
  organization={PMLR}
}

@article{chaplot2018active,
  title={Active neural localization},
  author={Chaplot, Devendra Singh and Parisotto, Emilio and Salakhutdinov, Ruslan},
  journal={arXiv preprint arXiv:1801.08214},
  year={2018}
}

@inproceedings{xiang2015learning,
  title={Learning to track: Online multi-object tracking by decision making},
  author={Xiang, Yu and Alahi, Alexandre and Savarese, Silvio},
  booktitle={2015 IEEE international conference on computer vision (ICCV)},
  number={EPFL-CONF-230283},
  pages={4705--4713},
  year={2015},
  organization={IEEE}
}

@InProceedings{Yun_2017_CVPR,
author = {Yun, Sangdoo and Choi, Jongwon and Yoo, Youngjoon and Yun, Kimin and Young Choi, Jin},
title = {Action-Decision Networks for Visual Tracking With Deep Reinforcement Learning},
booktitle = {The IEEE Conference on Computer Vision and Pattern Recognition (CVPR)},
month = {July},
year = {2017}
}

@InProceedings{Supancic_2017_ICCV,
author = {Supancic,III, James and Ramanan, Deva},
title = {Tracking as Online Decision-Making: Learning a Policy From Streaming Videos With Reinforcement Learning},
booktitle = {The IEEE International Conference on Computer Vision (ICCV)},
month = {Oct},
year = {2017}
}

@inproceedings{bousmalis2017unsupervised,
  title={Unsupervised pixel-level domain adaptation with generative adversarial networks},
  author={Bousmalis, Konstantinos and Silberman, Nathan and Dohan, David and Erhan, Dumitru and Krishnan, Dilip},
  booktitle={Proceedings of the IEEE conference on computer vision and pattern recognition},
  pages={3722--3731},
  year={2017}
}

@inproceedings{
puig2023habitat,
title={Habitat 3.0: A Co-Habitat for Humans, Avatars, and Robots},
author={Xavier Puig and Eric Undersander and Andrew Szot and Mikael Dallaire Cote and Tsung-Yen Yang and Ruslan Partsey and Ruta Desai and Alexander Clegg and Michal Hlavac and So Yeon Min and Vladim{\'\i}r Vondru{\v{s}} and Theophile Gervet and Vincent-Pierre Berges and John M Turner and Oleksandr Maksymets and Zsolt Kira and Mrinal Kalakrishnan and Jitendra Malik and Devendra Singh Chaplot and Unnat Jain and Dhruv Batra and Akshara Rai and Roozbeh Mottaghi},
booktitle={The Twelfth International Conference on Learning Representations},
year={2024},
url={https://openreview.net/forum?id=4znwzG92CE}
}


@inproceedings{li2023behavior,
  title={Behavior-1k: A benchmark for embodied ai with 1,000 everyday activities and realistic simulation},
  author={Li, Chengshu and Zhang, Ruohan and Wong, Josiah and Gokmen, Cem and Srivastava, Sanjana and Mart{\'\i}n-Mart{\'\i}n, Roberto and Wang, Chen and Levine, Gabrael and Lingelbach, Michael and Sun, Jiankai and others},
  booktitle={Conference on Robot Learning},
  pages={80--93},
  year={2023},
  organization={PMLR}
}


@inproceedings{Dosovitskiy17,
  title = {{CARLA}: {An} Open Urban Driving Simulator},
  author = {Alexey Dosovitskiy and German Ros and Felipe Codevilla and Antonio Lopez and Vladlen Koltun},
  booktitle = {Proceedings of the 1st Annual Conference on Robot Learning},
  pages = {1--16},
  year = {2017}
}

@inproceedings{
yuan2023rl,
title={{RL}-ViGen: A Reinforcement Learning Benchmark for Visual Generalization},
author={Zhecheng Yuan and Sizhe Yang and Pu Hua and Can Chang and Kaizhe Hu and Huazhe Xu},
booktitle={Thirty-seventh Conference on Neural Information Processing Systems Datasets and Benchmarks Track},
year={2023},
url={https://openreview.net/forum?id=RwNIqaNOgd}
}


@inproceedings{
gan2020threedworld,
title={Three{DW}orld: A Platform for Interactive Multi-Modal Physical Simulation},
author={Chuang Gan and Jeremy Schwartz and Seth Alter and Damian Mrowca and Martin Schrimpf and James Traer and Julian De Freitas and Jonas Kubilius and Abhishek Bhandwaldar and Nick Haber and Megumi Sano and Kuno Kim and Elias Wang and Michael Lingelbach and Aidan Curtis and Kevin Tyler Feigelis and Daniel Bear and Dan Gutfreund and David Daniel Cox and Antonio Torralba and James J. DiCarlo and Joshua B. Tenenbaum and Josh Mcdermott and Daniel LK Yamins},
booktitle={Thirty-fifth Conference on Neural Information Processing Systems Datasets and Benchmarks Track},
year={2021},
url={https://openreview.net/forum?id=db1InWAwW2T}
}

@inproceedings{puig2018virtualhome,
  title={Virtualhome: Simulating household activities via programs},
  author={Puig, Xavier and Ra, Kevin and Boben, Marko and Li, Jiaman and Wang, Tingwu and Fidler, Sanja and Torralba, Antonio},
  booktitle={Proceedings of the IEEE Conference on Computer Vision and Pattern Recognition},
  pages={8494--8502},
  year={2018}
}


@article{kolve2017ai2,
  title={{AI2-THOR}: An interactive 3d environment for visual ai},
  author={Kolve, Eric and Mottaghi, Roozbeh and Han, Winson and VanderBilt, Eli and Weihs, Luca and Herrasti, Alvaro and Deitke, Matt and Ehsani, Kiana and Gordon, Daniel and Zhu, Yuke and others},
  journal={arXiv preprint arXiv:1712.05474},
  year={2017}
}


@article{wu2018building,
  title={Building generalizable agents with a realistic and rich 3d environment},
  author={Wu, Yi and Wu, Yuxin and Gkioxari, Georgia and Tian, Yuandong},
  journal={arXiv preprint arXiv:1801.02209},
  year={2018}
}

@article{chen2023bi,
  title={Bi-dexhands: Towards human-level bimanual dexterous manipulation},
  author={Chen, Yuanpei and Geng, Yiran and Zhong, Fangwei and Ji, Jiaming and Jiang, Jiechuang and Lu, Zongqing and Dong, Hao and Yang, Yaodong},
  journal={IEEE Transactions on Pattern Analysis and Machine Intelligence},
   year={2024},
  volume={46},
  number={5},
  pages={2804-2818},
  doi={10.1109/TPAMI.2023.3339515},
  publisher={IEEE}
}

@inproceedings{yu2020meta,
  title={Meta-world: A benchmark and evaluation for multi-task and meta reinforcement learning},
  author={Yu, Tianhe and Quillen, Deirdre and He, Zhanpeng and Julian, Ryan and Hausman, Karol and Finn, Chelsea and Levine, Sergey},
  booktitle={Conference on Robot Learning},
  pages={1094--1100},
  year={2020},
  organization={PMLR}
}

@inproceedings{xia2018gibson,
  title={Gibson env: Real-world perception for embodied agents},
  author={Xia, Fei and Zamir, Amir R and He, Zhiyang and Sax, Alexander and Malik, Jitendra and Savarese, Silvio},
  booktitle={Proceedings of the IEEE Conference on Computer Vision and Pattern Recognition},
  pages={9068--9079},
  year={2018}
}


@inproceedings{ehsani2021manipulathor,
  title={Manipulathor: A framework for visual object manipulation},
  author={Ehsani, Kiana and Han, Winson and Herrasti, Alvaro and VanderBilt, Eli and Weihs, Luca and Kolve, Eric and Kembhavi, Aniruddha and Mottaghi, Roozbeh},
  booktitle={Proceedings of the IEEE/CVF Conference on Computer Vision and Pattern Recognition},
  pages={4497--4506},
  year={2021}
}




@inproceedings{
zhou2024hazard,
title={{HAZARD} Challenge: Embodied Decision Making in Dynamically Changing Environments},
author={Qinhong Zhou and Sunli Chen and Yisong Wang and Haozhe Xu and Weihua Du and Hongxin Zhang and Yilun Du and Joshua B. Tenenbaum and Chuang Gan},
booktitle={The Twelfth International Conference on Learning Representations},
year={2024},
url={https://openreview.net/forum?id=n6mLhaBahJ}
}

@inproceedings{gupta2017cognitive,
  title={Cognitive mapping and planning for visual navigation},
  author={Gupta, Saurabh and Davidson, James and Levine, Sergey and Sukthankar, Rahul and Malik, Jitendra},
  booktitle={Proceedings of the IEEE Conference on Computer Vision and Pattern Recognition},
  pages={2616--2625},
  year={2017}
}

@inproceedings{
long2024instructnav,
title={InstructNav: Zero-shot System for Generic Instruction Navigation in Unexplored Environment},
author={Yuxing Long and Wenzhe Cai and Hongcheng Wang and Guanqi Zhan and Hao Dong},
booktitle={8th Annual Conference on Robot Learning},
year={2024},
url={https://openreview.net/forum?id=fCDOfpTCzZ}
}


@inproceedings{
zhong2018advat,
title={{AD}-{VAT}: An Asymmetric Dueling mechanism for learning Visual Active Tracking},
author={Fangwei Zhong and Peng Sun and Wenhan Luo and Tingyun Yan and Yizhou Wang},
booktitle={International Conference on Learning Representations},
year={2019},
url={https://openreview.net/forum?id=HkgYmhR9KX},
}

@inproceedings{zhong2021distractor,
  title={Towards distraction-robust active visual tracking},
  author={Zhong, Fangwei and Sun, Peng and Luo, Wenhan and Yan, Tingyun and Wang, Yizhou},
  booktitle={International Conference on Machine Learning},
  pages={12782--12792},
  year={2021},
  organization={PMLR}
}

@ARTICLE{luo2019pami,
  author={Luo, Wenhan and Sun, Peng and Zhong, Fangwei and Liu, Wei and Zhang, Tong and Wang, Yizhou},
  journal={IEEE Transactions on Pattern Analysis and Machine Intelligence}, 
  title={End-to-End Active Object Tracking and Its Real-World Deployment via Reinforcement Learning}, 
  year={2020},
  volume={42},
  number={6},
  pages={1317-1332},
  doi={10.1109/TPAMI.2019.2899570}}


@inproceedings{zhong2023rspt,
  title={RSPT: reconstruct surroundings and predict trajectory for generalizable active object tracking},
  author={Zhong, Fangwei and Bi, Xiao and Zhang, Yudi and Zhang, Wei and Wang, Yizhou},
  booktitle={Proceedings of the AAAI Conference on Artificial Intelligence},
  volume={37},
  pages={3705--3714},
  year={2023}
}

@inproceedings{
ci2023proactive,
title={Proactive Multi-Camera Collaboration for 3D Human Pose Estimation},
author={Hai Ci and Mickel Liu and Xuehai Pan and Fangwei Zhong and Yizhou Wang},
booktitle={The Eleventh International Conference on Learning Representations },
year={2023},
url={https://openreview.net/forum?id=CPIy9TWFYBG}
}

@inproceedings{wang2023rearrange,
  title={Rearrange indoor scenes for human-robot co-activity},
  author={Wang, Weiqi and Zhao, Zihang and Jiao, Ziyuan and Zhu, Yixin and Zhu, Song-Chun and Liu, Hangxin},
  booktitle={2023 IEEE International Conference on Robotics and Automation (ICRA)},
  pages={11943--11949},
  year={2023},
  organization={IEEE}
}

@inproceedings{weihs2021visual,
  title={Visual room rearrangement},
  author={Weihs, Luca and Deitke, Matt and Kembhavi, Aniruddha and Mottaghi, Roozbeh},
  booktitle={Proceedings of the IEEE/CVF Conference on Computer Vision and Pattern Recognition},
  pages={5922--5931},
  year={2021}
}

@inproceedings{
chaplot2020learning,
title={Learning To Explore Using Active Neural SLAM},
author={Devendra Singh Chaplot and Dhiraj Gandhi and Saurabh Gupta and Abhinav Gupta and Ruslan Salakhutdinov},
booktitle={International Conference on Learning Representations},
year={2020},
url={https://openreview.net/forum?id=HklXn1BKDH}
}

@article{zhang2024navid,
  title={NaVid: Video-based VLM Plans the Next Step for Vision-and-Language Navigation},
  author={Zhang, Jiazhao and Wang, Kunyu and Xu, Rongtao and Zhou, Gengze and Hong, Yicong and Fang, Xiaomeng and Wu, Qi and Zhang, Zhizheng and He, Wang},
  journal={arXiv preprint arXiv:2402.15852},
  year={2024}
}

@inproceedings{zhou2024navgpt,
  title={Navgpt: Explicit reasoning in vision-and-language navigation with large language models},
  author={Zhou, Gengze and Hong, Yicong and Wu, Qi},
  booktitle={Proceedings of the AAAI Conference on Artificial Intelligence},
  volume={38},
  pages={7641--7649},
  year={2024}
}

@inproceedings{
xu2023drm,
title={DrM: Mastering Visual Reinforcement Learning through Dormant Ratio Minimization},
author={Guowei Xu and Ruijie Zheng and Yongyuan Liang and Xiyao Wang and Zhecheng Yuan and Tianying Ji and Yu Luo and Xiaoyu Liu and Jiaxin Yuan and Pu Hua and Shuzhen Li and Yanjie Ze and Hal Daum{\'e} III and Furong Huang and Huazhe Xu},
booktitle={The Twelfth International Conference on Learning Representations},
year={2024},
url={https://openreview.net/forum?id=MSe8YFbhUE}
}

@inproceedings{yadav2023offline,
  title={Offline visual representation learning for embodied navigation},
  author={Yadav, Karmesh and Ramrakhya, Ram and Majumdar, Arjun and Berges, Vincent-Pierre and Kuhar, Sachit and Batra, Dhruv and Baevski, Alexei and Maksymets, Oleksandr},
  booktitle={Workshop on Reincarnating Reinforcement Learning at ICLR 2023},
  year={2023}
}

@inproceedings{
yuan2022pre,
title={Pre-Trained Image Encoder for Generalizable Visual Reinforcement Learning},
author={Zhecheng Yuan and Zhengrong Xue and Bo Yuan and Xueqian Wang and Yi Wu and Yang Gao and Huazhe Xu},
booktitle={Advances in Neural Information Processing Systems},
year={2022},
volume={35},
pages={13022--13037}
}

@article{schulman2017proximal,
  title={Proximal Policy Optimization Algorithms},
  author={Schulman, John and Wolski, Filip and Dhariwal, Prafulla and Radford, Alec and Klimov, Oleg},
  journal={arXiv preprint arXiv:1707.06347},
  year={2017}
}

@inproceedings{gadre2022continuous,
  title={Continuous scene representations for embodied ai},
  author={Gadre, Samir Yitzhak and Ehsani, Kiana and Song, Shuran and Mottaghi, Roozbeh},
  booktitle={Proceedings of the IEEE/CVF Conference on Computer Vision and Pattern Recognition},
  pages={14849--14859},
  year={2022}
}

@article{yang2023track,
  title={Track anything: Segment anything meets videos},
  author={Yang, Jinyu and Gao, Mingqi and Li, Zhe and Gao, Shang and Wang, Fangjing and Zheng, Feng},
  journal={arXiv preprint arXiv:2304.11968},
  year={2023}
}

@inproceedings{
ma2023revisiting,
title={Revisiting Plasticity in Visual Reinforcement Learning: Data, Modules and Training Stages},
author={Guozheng Ma and Lu Li and Sen Zhang and Zixuan Liu and Zhen Wang and Yixin Chen and Li Shen and Xueqian Wang and Dacheng Tao},
booktitle={The Twelfth International Conference on Learning Representations},
year={2024},
url={https://openreview.net/forum?id=0aR1s9YxoL}
}

@article{duenez2023social,
  title={A social path to human-like artificial intelligence},
  author={Du{\'e}{\~n}ez-Guzm{\'a}n, Edgar A and Sadedin, Suzanne and Wang, Jane X and McKee, Kevin R and Leibo, Joel Z},
  journal={Nature Machine Intelligence},
  volume={5},
  number={11},
  pages={1181--1188},
  year={2023},
  publisher={Nature Publishing Group UK London}
}

@article{davison2018futuremapping,
  title={FutureMapping: The computational structure of spatial AI systems},
  author={Davison, Andrew J},
  journal={arXiv preprint arXiv:1803.11288},
  year={2018}
}

@article{duan2022survey,
  title={A survey of embodied ai: From simulators to research tasks},
  author={Duan, Jiafei and Yu, Samson and Tan, Hui Li and Zhu, Hongyuan and Tan, Cheston},
  journal={IEEE Transactions on Emerging Topics in Computational Intelligence},
  volume={6},
  number={2},
  pages={230--244},
  year={2022},
  publisher={IEEE}
}

@article{kadian2020sim2real,
  title={Sim2real predictivity: Does evaluation in simulation predict real-world performance?},
  author={Kadian, Abhishek and Truong, Joanne and Gokaslan, Aaron and Clegg, Alexander and Wijmans, Erik and Lee, Stefan and Savva, Manolis and Chernova, Sonia and Batra, Dhruv},
  journal={IEEE Robotics and Automation Letters},
  volume={5},
  number={4},
  pages={6670--6677},
  year={2020},
  publisher={IEEE}
}

@inproceedings{
wang2022tomc,
title={ToM2C: Target-oriented Multi-agent Communication and Cooperation with Theory of Mind},
author={Yuanfei Wang and fangwei zhong and Jing Xu and Yizhou Wang},
booktitle={International Conference on Learning Representations},
year={2022},
url={https://openreview.net/forum?id=2t7CkQXNpuq}
}

@inproceedings{
guan2024richelieu,
title={Richelieu: Self-Evolving {LLM}-Based Agents for {AI} Diplomacy},
author={Zhenyu Guan and Xiangyu Kong and Fangwei Zhong and Yizhou Wang},
booktitle={The Thirty-eighth Annual Conference on Neural Information Processing Systems},
year={2024},
url={https://openreview.net/forum?id=7Jb4NJS8Yk}
}

@inproceedings{jin-etal-2024-mmtom,
    title = "{MMT}o{M}-{QA}: Multimodal Theory of Mind Question Answering",
    author = "Jin, Chuanyang  and
      Wu, Yutong  and
      Cao, Jing  and
      Xiang, Jiannan  and
      Kuo, Yen-Ling  and
      Hu, Zhiting  and
      Ullman, Tomer  and
      Torralba, Antonio  and
      Tenenbaum, Joshua  and
      Shu, Tianmin",
    booktitle = "Proceedings of the 62nd Annual Meeting of the Association for Computational Linguistics (Volume 1: Long Papers)",
    year = "2024",
    pages = "16077--16102",
}