@String(PAMI = {IEEE Trans. Pattern Anal. Mach. Intell.})
@String(IJCV = {Int. J. Comput. Vis.})
@String(CVPR= {IEEE Conf. Comput. Vis. Pattern Recog.})
@String(ICCV= {Int. Conf. Comput. Vis.})
@String(ECCV= {Eur. Conf. Comput. Vis.})
@String(NIPS= {Adv. Neural Inform. Process. Syst.})
@String(ICPR = {Int. Conf. Pattern Recog.})
@String(BMVC= {Brit. Mach. Vis. Conf.})
@String(TOG= {ACM Trans. Graph.})
@String(TIP  = {IEEE Trans. Image Process.})
@String(TVCG  = {IEEE Trans. Vis. Comput. Graph.})
@String(TMM  = {IEEE Trans. Multimedia})
@String(ACMMM= {ACM Int. Conf. Multimedia})
@String(ICME = {Int. Conf. Multimedia and Expo})
@String(ICASSP=	{ICASSP})
@String(ICIP = {IEEE Int. Conf. Image Process.})
@String(ACCV  = {ACCV})
@String(ICLR = {Int. Conf. Learn. Represent.})
@String(IJCAI = {IJCAI})
@String(PR   = {Pattern Recognition})
@String(AAAI = {AAAI})
@String(CVPRW= {IEEE Conf. Comput. Vis. Pattern Recog. Worksh.})
@String(CSVT = {IEEE Trans. Circuit Syst. Video Technol.})

@String(SPL	= {IEEE Sign. Process. Letters})
@String(VR   = {Vis. Res.})
@String(JOV	 = {J. Vis.})
@String(TVC  = {The Vis. Comput.})
@String(JCST  = {J. Comput. Sci. Tech.})
@String(CGF  = {Comput. Graph. Forum})
@String(CVM = {Computational Visual Media})


@String(PAMI  = {IEEE TPAMI})
@String(IJCV  = {IJCV})
@String(CVPR  = {CVPR})
@String(ICCV  = {ICCV})
@String(ECCV  = {ECCV})
@String(NIPS  = {NeurIPS})
@String(ICPR  = {ICPR})
@String(BMVC  =	{BMVC})
@String(TOG   = {ACM TOG})
@String(TIP   = {IEEE TIP})
@String(TVCG  = {IEEE TVCG})
@String(TCSVT = {IEEE TCSVT})
@String(TMM   =	{IEEE TMM})
@String(ACMMM = {ACM MM})
@String(ICME  =	{ICME})
@String(ICASSP=	{ICASSP})
@String(ICIP  = {ICIP})
@String(ACCV  = {ACCV})
@String(ICLR  = {ICLR})
@String(IJCAI = {IJCAI})
@String(PR = {PR})
@String(AAAI = {AAAI})
@String(CVPRW= {CVPRW})
@String(CSVT = {IEEE TCSVT})



% SRN
@InProceedings{tao2018scale,
author = {Tao, Xin and Gao, Hongyun and Shen, Xiaoyong and Wang, Jue and Jia, Jiaya},
title = {Scale-Recurrent Network for Deep Image Deblurring},
booktitle = {Proceedings of the IEEE Conference on Computer Vision and Pattern Recognition (CVPR)},
month = {June},
year = {2018}
}

% MIMO-UNet
@InProceedings{cho2021rethinking,
    author    = {Cho, Sung-Jin and Ji, Seo-Won and Hong, Jun-Pyo and Jung, Seung-Won and Ko, Sung-Jea},
    title     = {Rethinking Coarse-To-Fine Approach in Single Image Deblurring},
    booktitle = {Proceedings of the IEEE/CVF International Conference on Computer Vision (ICCV)},
    month     = {October},
    year      = {2021},
    pages     = {4641-4650}
}

% HINet
@InProceedings{chen2021hinet,
    author    = {Chen, Liangyu and Lu, Xin and Zhang, Jie and Chu, Xiaojie and Chen, Chengpeng},
    title     = {HINet: Half Instance Normalization Network for Image Restoration},
    booktitle = {Proceedings of the IEEE/CVF Conference on Computer Vision and Pattern Recognition (CVPR) Workshops},
    month     = {June},
    year      = {2021},
    pages     = {182-192}
}

% BANet
@article{tsai2021banet,
  title={BANet: Blur-aware attention networks for dynamic scene deblurring},
  author={Tsai, Fu-Jen and Peng, Yan-Tsung and Lin, Yen-Yu and Tsai, Chung-Chi and Lin, Chia-Wen},
  journal={arXiv preprint arXiv:2101.07518},
  year={2021}
}

@InProceedings{nah2021ntire,
    author    = {Nah, Seungjun and Son, Sanghyun and Lee, Suyoung and Timofte, Radu and Lee, Kyoung Mu},
    title     = {NTIRE 2021 Challenge on Image Deblurring},
    booktitle = {Proceedings of the IEEE/CVF Conference on Computer Vision and Pattern Recognition (CVPR) Workshops},
    month     = {June},
    year      = {2021},
    pages     = {149-165}
}

% DMPHN
@InProceedings{zhang2019deep,
author = {Zhang, Hongguang and Dai, Yuchao and Li, Hongdong and Koniusz, Piotr},
title = {Deep Stacked Hierarchical Multi-Patch Network for Image Deblurring},
booktitle = {Proceedings of the IEEE/CVF Conference on Computer Vision and Pattern Recognition (CVPR)},
month = {June},
year = {2019}
}

% SimpleNet
@InProceedings{li2021perceptual,
    author    = {Li, Jichun and Tan, Weimin and Yan, Bo},
    title     = {Perceptual Variousness Motion Deblurring With Light Global Context Refinement},
    booktitle = {Proceedings of the IEEE/CVF International Conference on Computer Vision (ICCV)},
    month     = {October},
    year      = {2021},
    pages     = {4116-4125}
}

@inproceedings{rim2020real,
  title={Real-world blur dataset for learning and benchmarking deblurring algorithms},
  author={Rim, Jaesung and Lee, Haeyun and Won, Jucheol and Cho, Sunghyun},
  booktitle={European Conference on Computer Vision},
  pages={184--201},
  year={2020},
  organization={Springer}
}

% LPIPS
@InProceedings{zhang2018perceptual,
author = {Zhang, Richard and Isola, Phillip and Efros, Alexei A. and Shechtman, Eli and Wang, Oliver},
title = {The Unreasonable Effectiveness of Deep Features as a Perceptual Metric},
booktitle = {Proceedings of the IEEE Conference on Computer Vision and Pattern Recognition (CVPR)},
month = {June},
year = {2018}
}

@InProceedings{kupyn2019deblurgan,
author = {Orest Kupyn and Tetiana Martyniuk and Junru Wu and Zhangyang Wang},
title = {DeblurGAN-v2: Deblurring (Orders-of-Magnitude) Faster and Better},
booktitle = {The IEEE International Conference on Computer Vision (ICCV)},
month = {Oct},
year = {2019}
}

@article{saharia2021image,
  title={Image super-resolution via iterative refinement},
  author={Saharia, Chitwan and Ho, Jonathan and Chan, William and Salimans, Tim and Fleet, David J and Norouzi, Mohammad},
  journal={arXiv preprint arXiv:2104.07636},
  year={2021}
}

@inproceedings{ho2020denoising,
 author = {Ho, Jonathan and Jain, Ajay and Abbeel, Pieter},
 booktitle = {Advances in Neural Information Processing Systems},
 editor = {H. Larochelle and M. Ranzato and R. Hadsell and M. F. Balcan and H. Lin},
 pages = {6840--6851},
 title = {Denoising Diffusion Probabilistic Models},
 volume = {33},
 year = {2020}
}


% SAPHNet
@InProceedings{suin2020spatially,
author = {Suin, Maitreya and Purohit, Kuldeep and Rajagopalan, A. N.},
title = {Spatially-Attentive Patch-Hierarchical Network for Adaptive Motion Deblurring},
booktitle = {Proceedings of the IEEE/CVF Conference on Computer Vision and Pattern Recognition (CVPR)},
month = {June},
year = {2020}
}

% GoPro dataset
@InProceedings{nah2017deep,
  author = {Nah, Seungjun and Kim, Tae Hyun and Lee, Kyoung Mu},
  title = {Deep Multi-Scale Convolutional Neural Network for Dynamic Scene Deblurring},
  booktitle = {The IEEE Conference on Computer Vision and Pattern Recognition (CVPR)},
  month = {July},
  year = {2017}
}

% HIDE dataset
@inproceedings{shen2019human,
   author={Shen, Ziyi and Wang, Wenguan and Shen, Jianbing and Ling, Haibin and Xu, Tingfa and Shao, Ling}, 
   title={Human-Aware Motion Deblurring}, 
   booktitle={IEEE International Conference on Computer Vision},
   year={2019}
}

@InProceedings{sohl-dickstein2015deep,
  title = 	 {Deep Unsupervised Learning using Nonequilibrium Thermodynamics},
  author = 	 {Sohl-Dickstein, Jascha and Weiss, Eric and Maheswaranathan, Niru and Ganguli, Surya},
  booktitle = 	 {Proceedings of the 32nd International Conference on Machine Learning},
  pages = 	 {2256--2265},
  year = 	 {2015},
  volume = 	 {37},
  series = 	 {Proceedings of Machine Learning Research},
  month = 	 {07--09 Jul},
  publisher =    {PMLR},
}

% WaveGrad
@inproceedings{chen2020wavegrad,
  title={WaveGrad: Estimating Gradients for Waveform Generation},
  author={Chen, Nanxin and Zhang, Yu and Zen, Heiga and Weiss, Ron J and Norouzi, Mohammad and Chan, William},
  booktitle={International Conference on Learning Representations},
  year={2020}
}

% WaveGrad2
@article{chen2021wavegrad,
  title={WaveGrad 2: Iterative Refinement for Text-to-Speech Synthesis},
  author={Chen, Nanxin and Zhang, Yu and Zen, Heiga and Weiss, Ron J and Norouzi, Mohammad and Dehak, Najim and Chan, William},
  journal={arXiv preprint arXiv:2106.09660},
  year={2021}
}

% SRDiff
@article{li2021srdiff,
  title={SRDiff: Single Image Super-Resolution with Diffusion Probabilistic Models},
  author={Li, Haoying and Yang, Yifan and Chang, Meng and Feng, Huajun and Xu, Zhihai and Li, Qi and Chen, Yueting},
  journal={arXiv preprint arXiv:2104.14951},
  year={2021}
}

@incollection{fergus2006removing,
  title={Removing camera shake from a single photograph},
  author={Fergus, Rob and Singh, Barun and Hertzmann, Aaron and Roweis, Sam T and Freeman, William T},
  booktitle={ACM SIGGRAPH 2006 Papers},
  pages={787--794},
  year={2006}
}

@inproceedings{blau2018perception,
  title={The {Perception-Distortion Tradeoff}},
  author={Blau, Yochai and Michaeli, Tomer},
  booktitle={Proceedings of the IEEE Conference on Computer Vision and Pattern Recognition},
  pages={6228--6237},
  year={2018}
}

@article{freirich2021theory,
  title={{A theory of the Distortion-Perception tradeoff in Wasserstein space}},
  author={Freirich, Dror and Michaeli, Tomer and Meir, Ron},
  journal={Advances in Neural Information Processing Systems},
  volume={34},
  pages={25661--25672},
  year={2021}
}


% NIQE
@article{mittal2012making,
  title={Making a “completely blind” image quality analyzer},
  author={Mittal, Anish and Soundararajan, Rajiv and Bovik, Alan C},
  journal={IEEE Signal processing letters},
  volume={20},
  number={3},
  pages={209--212},
  year={2012},
  publisher={IEEE}
}

% Kernel Inception Distance
@inproceedings{binkowski2018demystifying,
  title={Demystifying {MMD GANs}},
  author={Bi{\'n}kowski, Miko{\l}aj and Sutherland, Danica J and Arbel, Michael and Gretton, Arthur},
  booktitle={International Conference on Learning Representations},
  year={2018}
}

% SSIM
@article{wang2004image,
  title={Image quality assessment: from error visibility to structural similarity},
  author={Wang, Zhou and Bovik, Alan C and Sheikh, Hamid R and Simoncelli, Eero P},
  journal={IEEE transactions on image processing},
  volume={13},
  number={4},
  pages={600--612},
  year={2004},
  publisher={IEEE}
}

@InProceedings{mentzer2020learning,
author = {Mentzer, Fabian and Gool, Luc Van and Tschannen, Michael},
title = {Learning Better Lossless Compression Using Lossy Compression},
booktitle = {Proceedings of the IEEE/CVF Conference on Computer Vision and Pattern Recognition (CVPR)},
month = {June},
year = {2020}
}

% U-net
@inproceedings{ronneberger2015u,
  title={U-net: Convolutional networks for biomedical image segmentation},
  author={Ronneberger, Olaf and Fischer, Philipp and Brox, Thomas},
  booktitle={International Conference on Medical image computing and computer-assisted intervention},
  pages={234--241},
  year={2015},
  organization={Springer}
}

% BigGAN
@inproceedings{brock2018large,
  title={Large Scale GAN Training for High Fidelity Natural Image Synthesis},
  author={Brock, Andrew and Donahue, Jeff and Simonyan, Karen},
  booktitle={International Conference on Learning Representations},
  year={2018}
}

@inproceedings{lim2017enhanced,
  title={Enhanced deep residual networks for single image super-resolution},
  author={Lim, Bee and Son, Sanghyun and Kim, Heewon and Nah, Seungjun and Mu Lee, Kyoung},
  booktitle={Proceedings of the IEEE conference on computer vision and pattern recognition workshops},
  pages={136--144},
  year={2017}
}

@inproceedings{heusel2017gans,
 author = {Heusel, Martin and Ramsauer, Hubert and Unterthiner, Thomas and Nessler, Bernhard and Hochreiter, Sepp},
 booktitle = {Advances in Neural Information Processing Systems},
 editor = {I. Guyon and U. V. Luxburg and S. Bengio and H. Wallach and R. Fergus and S. Vishwanathan and R. Garnett},
 pages = {},
 publisher = {Curran Associates, Inc.},
 title = {{GANs} Trained by a Two Time-Scale Update Rule Converge to a Local Nash Equilibrium},
 volume = {30},
 year = {2017}
}

@article{mentzer2020high,
  title={High-Fidelity Generative Image Compression},
  author={Mentzer, Fabian and Toderici, George D and Tschannen, Michael and Agustsson, Eirikur},
  journal={Advances in Neural Information Processing Systems},
  volume={33},
  year={2020}
}

% PDL
@inproceedings{delbracio2021projected,
author = {Mauricio Delbracio and Hossein Talebei and Peyman Milanfar},
booktitle = {2021 IEEE International Conference on Computational Photography (ICCP)},
title = {Projected Distribution Loss for Image Enhancement},
year = {2021},
pages = {1-12},
publisher = {IEEE Computer Society},
}

@inproceedings{kim2020u,
title={U-GAT-IT: Unsupervised Generative Attentional Networks with Adaptive Layer-Instance Normalization for Image-to-Image Translation},
author={Junho Kim and Minjae Kim and Hyeonwoo Kang and Kwang Hee Lee},
booktitle={International Conference on Learning Representations},
year={2020},
url={https://openreview.net/forum?id=BJlZ5ySKPH}
}

% DDIM
@inproceedings{
song2021denoising,
title={Denoising Diffusion Implicit Models},
author={Jiaming Song and Chenlin Meng and Stefano Ermon},
booktitle={International Conference on Learning Representations},
year={2021},
}


% CSGM
@inproceedings{jalal2020robust,
 author = {Jalal, Ajil and Liu, Liu and Dimakis, Alexandros G and Caramanis, Constantine},
 booktitle = {Advances in Neural Information Processing Systems},
 editor = {H. Larochelle and M. Ranzato and R. Hadsell and M. F. Balcan and H. Lin},
 pages = {713--727},
 publisher = {Curran Associates, Inc.},
 title = {Robust compressed sensing using generative models },
 volume = {33},
 year = {2020}
}


@article{ongie2020deep,
  title={Deep learning techniques for inverse problems in imaging},
  author={Ongie, Gregory and Jalal, Ajil and Metzler, Christopher A and Baraniuk, Richard G and Dimakis, Alexandros G and Willett, Rebecca},
  journal={IEEE Journal on Selected Areas in Information Theory},
  volume={1},
  number={1},
  pages={39--56},
  year={2020},
  publisher={IEEE}
}

@inproceedings{bora2017compressed,
  title={Compressed sensing using generative models},
  author={Bora, Ashish and Jalal, Ajil and Price, Eric and Dimakis, Alexandros G},
  booktitle={International Conference on Machine Learning (ICML)},
  pages={537--546},
  year={2017},
  organization={PMLR}
}


@inproceedings{jalal2021fairness,
  title={Fairness for Image Generation with Uncertain Sensitive Attributes},
  author={Jalal, Ajil and Karmalkar, Sushrut and Hoffmann, Jessica and Dimakis, Alex and Price, Eric},
  booktitle={International Conference on Machine Learning},
  pages={4721--4732},
  year={2021},
  organization={PMLR}
}

@inproceedings{whang2021solving,
  title={Solving Inverse Problems with a Flow-based Noise Model},
  author={Whang, Jay and Lei, Qi and Dimakis, Alex},
  booktitle={International Conference on Machine Learning},
  pages={11146--11157},
  year={2021},
  organization={PMLR}
}

@inproceedings{whang2021composing,
  title={Composing Normalizing Flows for Inverse Problems},
  author={Whang, Jay and Lindgren, Erik and Dimakis, Alex},
  booktitle={International Conference on Machine Learning},
  pages={11158--11169},
  year={2021},
  organization={PMLR}
}

@inproceedings{jalal2021mri,
  title={Robust Compressed Sensing MRI with Deep Generative Priors},
  author={Jalal, Ajil and Arvinte, Marius and Daras, Giannis and Price, Eric and Dimakis, Alexandros G and Tamir, Jonathan I},
  booktitle={Advances in Neural Information Processing Systems (NeurIPS)},
  year={2021}
}


% Instance normalization
@article{ulyanov2016instance,
  title={Instance normalization: The missing ingredient for fast stylization},
  author={Ulyanov, Dmitry and Vedaldi, Andrea and Lempitsky, Victor},
  journal={arXiv preprint arXiv:1607.08022},
  year={2016}
}

% GAN
@article{goodfellow2014generative,
  title={Generative adversarial nets},
  author={Goodfellow, Ian and Pouget-Abadie, Jean and Mirza, Mehdi and Xu, Bing and Warde-Farley, David and Ozair, Sherjil and Courville, Aaron and Bengio, Yoshua},
  journal={Advances in neural information processing systems},
  volume={27},
  year={2014}
}

@article{dhariwal2021diffusion,
  title={Diffusion models beat {GANs} on image synthesis},
  author={Dhariwal, Prafulla and Nichol, Alex},
  journal={arXiv preprint arXiv:2105.05233},
  year={2021}
}

@article{nichol2021improved,
  title={Improved denoising diffusion probabilistic models},
  author={Nichol, Alex and Dhariwal, Prafulla},
  journal={arXiv preprint arXiv:2102.09672},
  year={2021}
}

@article{kingma2021variational,
  title={Variational diffusion models},
  author={Kingma, Diederik P and Salimans, Tim and Poole, Ben and Ho, Jonathan},
  journal={arXiv preprint arXiv:2107.00630},
  year={2021}
}

% SDEdit
@article{meng2021sdedit,
  title={Sdedit: Image synthesis and editing with stochastic differential equations},
  author={Meng, Chenlin and Song, Yang and Song, Jiaming and Wu, Jiajun and Zhu, Jun-Yan and Ermon, Stefano},
  journal={arXiv preprint arXiv:2108.01073},
  year={2021}
}

% Neural style transfer
@inproceedings{gatys2016image,
  title={Image style transfer using convolutional neural networks},
  author={Gatys, Leon A and Ecker, Alexander S and Bethge, Matthias},
  booktitle={Proceedings of the IEEE conference on computer vision and pattern recognition},
  pages={2414--2423},
  year={2016}
}

% DeblurGAN
@inproceedings{kupyn2018deblurgan,
  title={Deblurgan: Blind motion deblurring using conditional adversarial networks},
  author={Kupyn, Orest and Budzan, Volodymyr and Mykhailych, Mykola and Mishkin, Dmytro and Matas, Ji{\v{r}}{\'\i}},
  booktitle={Proceedings of the IEEE conference on computer vision and pattern recognition},
  pages={8183--8192},
  year={2018}
}

@article{asim2020blind,
  title={Blind image deconvolution using deep generative priors},
  author={Asim, Muhammad and Shamshad, Fahad and Ahmed, Ali},
  journal={IEEE Transactions on Computational Imaging},
  volume={6},
  pages={1493--1506},
  year={2020},
  publisher={IEEE}
}

% START variational deblurring ----
@article{chan1998total,
  title={Total variation blind deconvolution},
  author={Chan, Tony F and Wong, Chiu-Kwong},
  journal={IEEE transactions on Image Processing},
  volume={7},
  number={3},
  pages={370--375},
  year={1998},
  publisher={IEEE}
}

@article{shan2008high,
  title={High-quality motion deblurring from a single image},
  author={Shan, Qi and Jia, Jiaya and Agarwala, Aseem},
  journal={Acm transactions on graphics (tog)},
  volume={27},
  number={3},
  pages={1--10},
  year={2008},
  publisher={ACM New York, NY, USA}
}

@inproceedings{levin2009understanding,
  title={Understanding and evaluating blind deconvolution algorithms},
  author={Levin, Anat and Weiss, Yair and Durand, Fredo and Freeman, William T},
  booktitle={2009 IEEE Conference on Computer Vision and Pattern Recognition},
  pages={1964--1971},
  year={2009},
  organization={IEEE}
}

@inproceedings{levin2011efficient,
  title={Efficient marginal likelihood optimization in blind deconvolution},
  author={Levin, Anat and Weiss, Yair and Durand, Fredo and Freeman, William T},
  booktitle={CVPR 2011},
  pages={2657--2664},
  year={2011},
  organization={IEEE}
}

@inproceedings{xu2013unnatural,
  title={Unnatural l0 sparse representation for natural image deblurring},
  author={Xu, Li and Zheng, Shicheng and Jia, Jiaya},
  booktitle={Proceedings of the IEEE conference on computer vision and pattern recognition},
  pages={1107--1114},
  year={2013}
}

@inproceedings{lai2016comparative,
  title={A comparative study for single image blind deblurring},
  author={Lai, Wei-Sheng and Huang, Jia-Bin and Hu, Zhe and Ahuja, Narendra and Yang, Ming-Hsuan},
  booktitle={Proceedings of the IEEE Conference on Computer Vision and Pattern Recognition},
  pages={1701--1709},
  year={2016}
}

@inproceedings{jin2018normalized,
  title={Normalized blind deconvolution},
  author={Jin, Meiguang and Roth, Stefan and Favaro, Paolo},
  booktitle={Proceedings of the European Conference on Computer Vision (ECCV)},
  pages={668--684},
  year={2018}
}

@inproceedings{chen2019blind,
  title={Blind image deblurring with local maximum gradient prior},
  author={Chen, Liang and Fang, Faming and Wang, Tingting and Zhang, Guixu},
  booktitle={Proceedings of the IEEE Conference on Computer Vision and Pattern Recognition},
  pages={1742--1750},
  year={2019}
}
% END variational deblurring ----

@inproceedings{mechrez2018contextual,
  title={The contextual loss for image transformation with non-aligned data},
  author={Mechrez, Roey and Talmi, Itamar and Zelnik-Manor, Lihi},
  booktitle={European Conference on Computer Vision (ECCV)},
  pages={768--783},
  year={2018}
}

@inproceedings{mechrez2018maintaining,
  title={Maintaining natural image statistics with the contextual loss},
  author={Mechrez, Roey and Talmi, Itamar and Shama, Firas and Zelnik-Manor, Lihi},
  booktitle={Asian Conference on Computer Vision},
  pages={427--443},
  year={2018},
  organization={Springer}
}

@inproceedings{lugmayr2021ntire,
  title={NTIRE 2021 learning the super-resolution space challenge},
  author={Lugmayr, Andreas and Danelljan, Martin and Timofte, Radu},
  booktitle={Proceedings of the IEEE/CVF Conference on Computer Vision and Pattern Recognition},
  pages={596--612},
  year={2021}
}

% START Deep Deblurring

@inproceedings{chakrabarti2016neural,
  title={A neural approach to blind motion deblurring},
  author={Chakrabarti, Ayan},
  booktitle={European conference on computer vision},
  pages={221--235},
  year={2016},
  organization={Springer}
}

@inproceedings{gao2019dynamic,
  title={Dynamic scene deblurring with parameter selective sharing and nested skip connections},
  author={Gao, Hongyun and Tao, Xin and Shen, Xiaoyong and Jia, Jiaya},
  booktitle={Proceedings of the IEEE Conference on Computer Vision and Pattern Recognition},
  pages={3848--3856},
  year={2019}
}

@inproceedings{ramakrishnan2017deep,
  title={Deep generative filter for motion deblurring},
  author={Ramakrishnan, Sainandan and Pachori, Shubham and Gangopadhyay, Aalok and Raman, Shanmuganathan},
  booktitle={Proceedings of the IEEE International Conference on Computer Vision Workshops},
  pages={2993--3000},
  year={2017}
}

@inproceedings{su2017deep,
  title={Deep video deblurring for hand-held cameras},
  author={Su, Shuochen and Delbracio, Mauricio and Wang, Jue and Sapiro, Guillermo and Heidrich, Wolfgang and Wang, Oliver},
  booktitle={Proceedings of the IEEE Conference on Computer Vision and Pattern Recognition},
  pages={1279--1288},
  year={2017}
}

@inproceedings{sun2015learning,
  title={Learning a convolutional neural network for non-uniform motion blur removal},
  author={Sun, Jian and Cao, Wenfei and Xu, Zongben and Ponce, Jean},
  booktitle={Proceedings of the IEEE Conference on Computer Vision and Pattern Recognition},
  pages={769--777},
  year={2015}
}

@inproceedings{wieschollek2017learning,
  title={Learning blind motion deblurring},
  author={Wieschollek, Patrick and Hirsch, Michael and Scholkopf, Bernhard and Lensch, Hendrik},
  booktitle={Proceedings of the IEEE International Conference on Computer Vision},
  pages={231--240},
  year={2017}
}

@article{ren2021deblurring,
  title={Deblurring Dynamic Scenes via Spatially Varying Recurrent Neural Networks},
  author={Ren, Wenqi and Zhang, Jiawei and Pan, Jinshan and Liu, Sifei and Ren, Jimmy and Du, Junping and Cao, Xiaochun and Yang, Ming-Hsuan},
  journal={IEEE transactions on pattern analysis and machine intelligence},
  year={2021},
  publisher={IEEE}
}
% END Deep Deblurring


@inproceedings{prakash2020fully,
  title={Fully Unsupervised Diversity Denoising with Convolutional Variational Autoencoders},
  author={Prakash, Mangal and Krull, Alexander and Jug, Florian},
  booktitle={International Conference on Learning Representations},
  year={2020}
}

@inproceedings{lugmayr2020srflow,
  title={Srflow: Learning the super-resolution space with normalizing flow},
  author={Lugmayr, Andreas and Danelljan, Martin and Van Gool, Luc and Timofte, Radu},
  booktitle={European Conference on Computer Vision},
  pages={715--732},
  year={2020},
  organization={Springer}
}



@InProceedings{nah2021ntire,
    author    = {Nah, Seungjun and Son, Sanghyun and Lee, Suyoung and Timofte, Radu and Lee, Kyoung Mu},
    title     = {NTIRE 2021 Challenge on Image Deblurring},
    booktitle = {Proceedings of the IEEE/CVF Conference on Computer Vision and Pattern Recognition (CVPR) Workshops},
    month     = {June},
    year      = {2021},
    pages     = {149-165}
}



@inproceedings{kingma2013auto,
  title={{Auto-Encoding Variational Bayes}},
  author={Kingma, Diederik P. and Welling, Max},
  booktitle={2nd International Conference on Learning Representations, {ICLR} 2014},
  year={2014}
}

@InProceedings{agustsson2017ntire,
	author = {Agustsson, Eirikur and Timofte, Radu},
	title = {NTIRE 2017 Challenge on Single Image Super-Resolution: Dataset and Study},
	booktitle = {The IEEE Conference on Computer Vision and Pattern Recognition (CVPR) Workshops},
	month = {July},
	year = {2017}
} 


@InProceedings{kawar2021stochastic,
  title={Stochastic Image Denoising by Sampling from the Posterior Distribution},
  author={Kawar, Bahjat and Vaksman, Gregory and Elad, Michael},
  booktitle = {Proceedings of the International Conference on Computer Vision (ICCV) Workshops},
  year={2021}
}

@inproceedings{kawar2021snips,
title={{SNIPS}: Solving Noisy Inverse Problems Stochastically},
author={Bahjat Kawar and Gregory Vaksman and Michael Elad},
booktitle={Thirty-Fifth Conference on Neural Information Processing Systems},
year={2021},
}

@inproceedings{kawar2022denoising,
    title={Denoising Diffusion Restoration Models},
    author={Bahjat Kawar and Michael Elad and Stefano Ermon and Jiaming Song},
    booktitle={Advances in Neural Information Processing Systems},
    year={2022}
}

@InProceedings{ohayon2021high,
  title={High perceptual quality image denoising with a posterior sampling cgan},
  author={Ohayon, Guy and Adrai, Theo and Vaksman, Gregory and Elad, Michael and Milanfar, Peyman},
  booktitle = {Proceedings of the International Conference on Computer Vision (ICCV) Workshops},
  year={2021}
}


@inproceedings{
kadkhodaie2021stochastic,
title={Stochastic Solutions for Linear Inverse Problems using the Prior Implicit in a Denoiser},
author={Zahra Kadkhodaie and Eero P Simoncelli},
booktitle={Thirty-Fifth Conference on Neural Information Processing Systems},
year={2021},
}


@inproceedings{huang2018multimodal,
  title={Multimodal unsupervised image-to-image translation},
  author={Huang, Xun and Liu, Ming-Yu and Belongie, Serge and Kautz, Jan},
  booktitle={Proceedings of the European conference on computer vision (ECCV)},
  pages={172--189},
  year={2018}
}

@inproceedings{cohen2018distribution,
  title={Distribution matching losses can hallucinate features in medical image translation},
  author={Cohen, Joseph Paul and Luck, Margaux and Honari, Sina},
  booktitle={International conference on medical image computing and computer-assisted intervention},
  pages={529--536},
  year={2018},
  organization={Springer}
}

@article{san2021noise,
  title={Noise estimation for generative diffusion models},
  author={San-Roman, Robin and Nachmani, Eliya and Wolf, Lior},
  journal={arXiv preprint arXiv:2104.02600},
  year={2021}
}

@article{jolicoeur2021gotta,
  title={Gotta Go Fast When Generating Data with Score-Based Models},
  author={Jolicoeur-Martineau, Alexia and Li, Ke and Pich{\'e}-Taillefer, R{\'e}mi and Kachman, Tal and Mitliagkas, Ioannis},
  journal={arXiv preprint arXiv:2105.14080},
  year={2021}
}

@inproceedings{
kong2021on,
title={On Fast Sampling of Diffusion Probabilistic Models},
author={Zhifeng Kong and Wei Ping},
booktitle={ICML Workshop on Invertible Neural Networks, Normalizing Flows, and Explicit Likelihood Models},
year={2021},
url={https://openreview.net/forum?id=agj4cdOfrAP}
}

@article{watson2021learning,
  title={Learning to Efficiently Sample from Diffusion Probabilistic Models},
  author={Watson, Daniel and Ho, Jonathan and Norouzi, Mohammad and Chan, William},
  journal={arXiv preprint arXiv:2106.03802},
  year={2021}
}

@article{lee2021priorgrad,
  title={PriorGrad: Improving Conditional Denoising Diffusion Models with Data-Driven Adaptive Prior},
  author={Lee, Sang-gil and Kim, Heeseung and Shin, Chaehun and Tan, Xu and Liu, Chang and Meng, Qi and Qin, Tao and Chen, Wei and Yoon, Sungroh and Liu, Tie-Yan},
  journal={arXiv preprint arXiv:2106.06406},
  year={2021}
}

@article{delbracio2021polyblur,
  title={Polyblur: Removing mild blur by polynomial reblurring},
  author={Delbracio, Mauricio and Garcia-Dorado, Ignacio and Choi, Sungjoon and Kelly, Damien and Milanfar, Peyman},
  journal={IEEE Transactions on Computational Imaging},
  volume={7},
  pages={837--848},
  year={2021},
  publisher={IEEE}
}

@inproceedings{zhu2012deconvolving,
  title={Deconvolving PSFs for a better motion deblurring using multiple images},
  author={Zhu, Xiang and {\v{S}}roubek, Filip and Milanfar, Peyman},
  booktitle={European Conference on Computer Vision},
  pages={636--647},
  year={2012},
  organization={Springer}
}

@article{delbracio2015removing,
  title={Removing camera shake via weighted fourier burst accumulation},
  author={Delbracio, Mauricio and Sapiro, Guillermo},
  journal={IEEE Transactions on Image Processing},
  volume={24},
  number={11},
  pages={3293--3307},
  year={2015},
  publisher={IEEE}
}

@inproceedings{loshchilov2018decoupled,
  title={Decoupled Weight Decay Regularization},
  author={Loshchilov, Ilya and Hutter, Frank},
  booktitle={International Conference on Learning Representations},
  year={2018}
}



@inproceedings{whang2022deblurring,
  title={Deblurring via stochastic refinement},
  author={Whang, Jay and Delbracio, Mauricio and Talebi, Hossein and Saharia, Chitwan and Dimakis, Alexandros G and Milanfar, Peyman},
  booktitle={Proceedings of the IEEE/CVF Conference on Computer Vision and Pattern Recognition},
  pages={16293--16303},
  year={2022}
}


@article{bansal2022cold,
  title={{Cold Diffusion: Inverting arbitrary image transforms without noise}},
  author={Bansal, Arpit and Borgnia, Eitan and Chu, Hong-Min and Li, Jie S and Kazemi, Hamid and Huang, Furong and Goldblum, Micah and Geiping, Jonas and Goldstein, Tom},
  journal={arXiv preprint arXiv:2208.09392},
  year={2022}
}

@article{hoogeboom2022blurring,
  title={Blurring Diffusion Models},
  author={Hoogeboom, Emiel and Salimans, Tim},
  journal={arXiv preprint arXiv:2209.05557},
  year={2022}
}


@article{
daras2023soft,
title={Soft Diffusion: Score Matching with General Corruptions},
author={Giannis Daras and Mauricio Delbracio and Hossein Talebi and Alex Dimakis and Peyman Milanfar},
journal={Transactions on Machine Learning Research},
issn={2835-8856},
year={2023},
note={}
}

@inproceedings{sohl2015deep,
  title={Deep unsupervised learning using nonequilibrium thermodynamics},
  author={Sohl-Dickstein, Jascha and Weiss, Eric and Maheswaranathan, Niru and Ganguli, Surya},
  booktitle={International Conference on Machine Learning},
  pages={2256--2265},
  year={2015},
  organization={PMLR}
}



@article{deasy2021heavy,
  title={Heavy-tailed denoising score matching},
  author={Deasy, Jacob and Simidjievski, Nikola and Li{\`o}, Pietro},
  journal={arXiv preprint arXiv:2112.09788},
  year={2021}
}

@inproceedings{hoogeboom2022autoregressive,
title={Autoregressive Diffusion Models},
author={Emiel Hoogeboom and Alexey A. Gritsenko and Jasmijn Bastings and Ben Poole and Rianne van den Berg and Tim Salimans},
booktitle={International Conference on Learning Representations},
year={2022},
}

@inproceedings{hoogeboom2022equivariant,
  title={Equivariant diffusion for molecule generation in 3d},
  author={Hoogeboom, Emiel and Satorras, V{\i}ctor Garcia and Vignac, Cl{\'e}ment and Welling, Max},
  booktitle={International Conference on Machine Learning},
  pages={8867--8887},
  year={2022},
  organization={PMLR}
}

@article{nachmani2021denoising,
  title={Denoising diffusion gamma models},
  author={Nachmani, Eliya and Roman, Robin San and Wolf, Lior},
  journal={arXiv preprint arXiv:2110.05948},
  year={2021}
}

@article{johnson2021beyond,
  title={Beyond in-place corruption: Insertion and deletion in denoising probabilistic models},
  author={Johnson, Daniel D and Austin, Jacob and Berg, Rianne van den and Tarlow, Daniel},
  journal={arXiv preprint arXiv:2107.07675},
  year={2021}
}

@article{lee2022progressive,
  title={Progressive Deblurring of Diffusion Models for Coarse-to-Fine Image Synthesis},
  author={Lee, Sangyun and Chung, Hyungjin and Kim, Jaehyeon and Ye, Jong Chul},
  journal={arXiv preprint arXiv:2207.11192},
  year={2022}
}

@article{ye2022hitting,
  title={First Hitting Diffusion Models},
  author={Ye, Mao and Wu, Lemeng and Liu, Qiang},
  journal={arXiv preprint arXiv:2209.01170},
  year={2022}
}

@article{dong2015image,
  title={Image super-resolution using deep convolutional networks},
  author={Dong, Chao and Loy, Chen Change and He, Kaiming and Tang, Xiaoou},
  journal={IEEE transactions on pattern analysis and machine intelligence},
  volume={38},
  number={2},
  pages={295--307},
  year={2015},
  publisher={IEEE}
}

@article{zhao2016loss,
  title={Loss functions for image restoration with neural networks},
  author={Zhao, Hang and Gallo, Orazio and Frosio, Iuri and Kautz, Jan},
  journal={IEEE Transactions on computational imaging},
  volume={3},
  number={1},
  pages={47--57},
  year={2016},
  publisher={IEEE}
}

@inproceedings{chen2018learning,
  title={Learning to see in the dark},
  author={Chen, Chen and Chen, Qifeng and Xu, Jia and Koltun, Vladlen},
  booktitle={IEEE Conference on Computer Vision and Pattern Recognition},
  pages={3291--3300},
  year={2018}
}


% Better Architectures
% Restormer
@inproceedings{zamir2022restormer,
  title={Restormer: Efficient transformer for high-resolution image restoration},
  author={Zamir, Syed Waqas and Arora, Aditya and Khan, Salman and Hayat, Munawar and Khan, Fahad Shahbaz and Yang, Ming-Hsuan},
  booktitle={Proceedings of the IEEE/CVF Conference on Computer Vision and Pattern Recognition},
  pages={5728--5739},
  year={2022}
}

%NafNET
@inproceedings{chen2022simple,
  title={Simple baselines for image restoration},
  author={Chen, Liangyu and Chu, Xiaojie and Zhang, Xiangyu and Sun, Jian},
  booktitle={Computer Vision--ECCV 2022: 17th European Conference, Tel Aviv, Israel, October 23--27, 2022, Proceedings, Part VII},
  pages={17--33},
  year={2022},
  organization={Springer}
}

@inproceedings{tu2022maxim,
  title={Maxim: Multi-axis mlp for image processing},
  author={Tu, Zhengzhong and Talebi, Hossein and Zhang, Han and Yang, Feng and Milanfar, Peyman and Bovik, Alan and Li, Yinxiao},
  booktitle={Proceedings of the IEEE/CVF Conference on Computer Vision and Pattern Recognition},
  pages={5769--5780},
  year={2022}
}

%MPRNet
@inproceedings{zamir2021multi,
  title={Multi-stage progressive image restoration},
  author={Zamir, Syed Waqas and Arora, Aditya and Khan, Salman and Hayat, Munawar and Khan, Fahad Shahbaz and Yang, Ming-Hsuan and Shao, Ling},
  booktitle={Proceedings of the IEEE/CVF conference on computer vision and pattern recognition},
  pages={14821--14831},
  year={2021}
}

@inproceedings{zhang2018unreasonable,
  title={The unreasonable effectiveness of deep features as a perceptual metric},
  author={Zhang, Richard and Isola, Phillip and Efros, Alexei A and Shechtman, Eli and Wang, Oliver},
  booktitle={Proceedings of the IEEE conference on computer vision and pattern recognition},
  pages={586--595},
  year={2018}
}

@inproceedings{arjovsky2017wasserstein,
  title={Wasserstein generative adversarial networks},
  author={Arjovsky, Martin and Chintala, Soumith and Bottou, L{\'e}on},
  booktitle={International conference on machine learning},
  pages={214--223},
  year={2017},
  organization={PMLR}
}

@inproceedings{ledig2017photo,
  title={Photo-realistic single image super-resolution using a generative adversarial network},
  author={Ledig, Christian and Theis, Lucas and Husz{\'a}r, Ferenc and Caballero, Jose and Cunningham, Andrew and Acosta, Alejandro and Aitken, Andrew and Tejani, Alykhan and Totz, Johannes and Wang, Zehan and others},
  booktitle={IEEE conference on computer vision and pattern recognition},
  pages={4681--4690},
  year={2017}
}

@inproceedings{isola2017image,
  title={Image-to-image translation with conditional adversarial networks},
  author={Isola, Phillip and Zhu, Jun-Yan and Zhou, Tinghui and Efros, Alexei A},
  booktitle={IEEE conference on computer vision and pattern recognition},
  pages={1125--1134},
  year={2017}
}


@InProceedings{div2k,
	author = {Agustsson, Eirikur and Timofte, Radu},
	title = {NTIRE 2017 Challenge on Single Image Super-Resolution: Dataset and Study},
	booktitle = {The IEEE Conference on Computer Vision and Pattern Recognition (CVPR) Workshops},
	month = {July},
	year = {2017}
} 

%LIIF
@inproceedings{chen2021learning,
  title={Learning continuous image representation with local implicit image function},
  author={Chen, Yinbo and Liu, Sifei and Wang, Xiaolong},
  booktitle={Proceedings of the IEEE/CVF conference on computer vision and pattern recognition},
  pages={8628--8638},
  year={2021}
}

%LDL
@inproceedings{liang2022details,
  title={Details or artifacts: A locally discriminative learning approach to realistic image super-resolution},
  author={Liang, Jie and Zeng, Hui and Zhang, Lei},
  booktitle={Proceedings of the IEEE/CVF Conference on Computer Vision and Pattern Recognition},
  pages={5657--5666},
  year={2022}
}

%ESRGAN & RRDB
@inproceedings{wang2018esrgan,
  title={{ESRGAN:} Enhanced super-resolution generative adversarial networks},
  author={Wang, Xintao and Yu, Ke and Wu, Shixiang and Gu, Jinjin and Liu, Yihao and Dong, Chao and Qiao, Yu and Change Loy, Chen},
  booktitle={Proceedings of the European conference on computer vision (ECCV) workshops},
  pages={0--0},
  year={2018}
}

%BSRGAN
@inproceedings{zhang2021designing,
  title={Designing a practical degradation model for deep blind image super-resolution},
  author={Zhang, Kai and Liang, Jingyun and Van Gool, Luc and Timofte, Radu},
  booktitle={Proceedings of the IEEE/CVF International Conference on Computer Vision},
  pages={4791--4800},
  year={2021}
}


@inproceedings{abuolaim2020defocus,
  title={Defocus deblurring using dual-pixel data},
  author={Abuolaim, Abdullah and Brown, Michael S},
  booktitle={Computer Vision--ECCV 2020: 16th European Conference, Glasgow, UK, August 23--28, 2020, Proceedings, Part X 16},
  pages={111--126},
  year={2020},
  organization={Springer}
}

% Score-based models
@article{ncsn,
  title={Generative modeling by estimating gradients of the data distribution},
  author={Song, Yang and Ermon, Stefano},
  journal={Advances in Neural Information Processing Systems},
  volume={32},
  year={2019}
}

@article{ncsnv2,
  title={Improved techniques for training score-based generative models},
  author={Song, Yang and Ermon, Stefano},
  journal={Advances in neural information processing systems},
  volume={33},
  pages={12438--12448},
  year={2020}
}


@inproceedings{
ncsnv3,
title={Score-Based Generative Modeling through Stochastic Differential Equations},
author={Yang Song and Jascha Sohl-Dickstein and Diederik P Kingma and Abhishek Kumar and Stefano Ermon and Ben Poole},
booktitle={International Conference on Learning Representations},
year={2021},
}

@article{salimans2016improved,
  title={Improved techniques for training {GANs}},
  author={Salimans, Tim and Goodfellow, Ian and Zaremba, Wojciech and Cheung, Vicki and Radford, Alec and Chen, Xi},
  journal={Advances in neural information processing systems},
  volume={29},
  year={2016}
}

@article{romano2017little,
  title={The little engine that could: Regularization by denoising ({RED})},
  author={Romano, Yaniv and Elad, Michael and Milanfar, Peyman},
  journal={SIAM Journal on Imaging Sciences},
  volume={10},
  number={4},
  pages={1804--1844},
  year={2017},
  publisher={SIAM}
}

@inproceedings{rudin1994total,
  title={Total variation based image restoration with free local constraints},
  author={Rudin, Leonid I and Osher, Stanley},
  booktitle={Proceedings of 1st international conference on image processing},
  volume={1},
  pages={31--35},
  year={1994},
  organization={IEEE}
}

@inproceedings{venkatakrishnan2013plug,
  title={Plug-and-play priors for model based reconstruction},
  author={Venkatakrishnan, Singanallur V and Bouman, Charles A and Wohlberg, Brendt},
  booktitle={2013 IEEE Global Conference on Signal and Information Processing},
  pages={945--948},
  year={2013},
  organization={IEEE}
}

@inproceedings{saharia2022palette,
  title={Palette: Image-to-image diffusion models},
  author={Saharia, Chitwan and Chan, William and Chang, Huiwen and Lee, Chris and Ho, Jonathan and Salimans, Tim and Fleet, David and Norouzi, Mohammad},
  booktitle={ACM SIGGRAPH 2022 Conference Proceedings},
  pages={1--10},
  year={2022}
}

@article{jalal2021robust,
  title={Robust compressed sensing mri with deep generative priors},
  author={Jalal, Ajil and Arvinte, Marius and Daras, Giannis and Price, Eric and Dimakis, Alexandros G and Tamir, Jon},
  journal={Advances in Neural Information Processing Systems},
  volume={34},
  pages={14938--14954},
  year={2021}
}

@article{laumont2022bayesian,
  title={Bayesian imaging using Plug \& Play priors: when Langevin meets Tweedie},
  author={Laumont, R{\'e}mi and Bortoli, Valentin De and Almansa, Andr{\'e}s and Delon, Julie and Durmus, Alain and Pereyra, Marcelo},
  journal={SIAM Journal on Imaging Sciences},
  volume={15},
  number={2},
  pages={701--737},
  year={2022},
  publisher={SIAM}
}

@inproceedings{
chung2022improving,
title={Improving Diffusion Models for Inverse Problems using Manifold Constraints},
author={Hyungjin Chung and Byeongsu Sim and Dohoon Ryu and Jong Chul Ye},
booktitle={Advances in Neural Information Processing Systems},
editor={Alice H. Oh and Alekh Agarwal and Danielle Belgrave and Kyunghyun Cho},
year={2022},
}

@inproceedings{arora2017generalization,
  title={Generalization and equilibrium in generative adversarial nets ({GANs})},
  author={Arora, Sanjeev and Ge, Rong and Liang, Yingyu and Ma, Tengyu and Zhang, Yi},
  booktitle={International Conference on Machine Learning},
  pages={224--232},
  year={2017},
  organization={PMLR}
}

@inproceedings{
salimans2022progressive,
title={Progressive Distillation for Fast Sampling of Diffusion Models},
author={Tim Salimans and Jonathan Ho},
booktitle={International Conference on Learning Representations},
year={2022},
}


%------------------------------------------------------------------------------
% ADDED AFTER REVISION --------------------------------------------------------
@article{vincent2011connection,
  title={A connection between score matching and denoising autoencoders},
  author={Vincent, Pascal},
  journal={Neural computation},
  volume={23},
  number={7},
  pages={1661--1674},
  year={2011},
  publisher={MIT Press}
}

% Appear in arxiv on [2022, Workshop]
@inproceedings{welker2022blind,
title={Blind Drifting: Diffusion models with a linear {SDE} drift term for blind image restoration tasks},
author={Simon Welker and Henry N. Chapman and Timo Gerkmann},
booktitle={The Symbiosis of Deep Learning and Differential Equations II},
year={2022},
url={https://openreview.net/forum?id=VCLnhfPVEB}
}
% Appear in arxiv on  [27 Jan 2023]
@article{luo2023image,
  title={Image restoration with mean-reverting stochastic differential equations},
  author={Luo, Ziwei and Gustafsson, Fredrik K and Zhao, Zheng and Sj{\"o}lund, Jens and Sch{\"o}n, Thomas B},
  journal={arXiv preprint arXiv:2301.11699},
  year={2023}
}

% Appear in arxiv [15 Mar 2023]
@article{albergo2023stochastic,
  title={Stochastic interpolants: A unifying framework for flows and diffusions},
  author={Albergo, Michael S and Boffi, Nicholas M and Vanden-Eijnden, Eric},
  journal={arXiv preprint arXiv:2303.08797},
  year={2023}
}

% Appear in arxiv [17 Apr 2023]
@inproceedings{luo2023refusion,
  title={Refusion: Enabling large-size realistic image restoration with latent-space diffusion models},
  author={Luo, Ziwei and Gustafsson, Fredrik K and Zhao, Zheng and Sj{\"o}lund, Jens and Sch{\"o}n, Thomas B},
  booktitle={Proceedings of the IEEE/CVF Conference on Computer Vision and Pattern Recognition},
  pages={1680--1691},
  year={2023}
}

% Appear in arxiv [29 March 2023]
@article{shi2023diffusion,
  title={Diffusion Schr$\backslash$" odinger Bridge Matching},
  author={Shi, Yuyang and De Bortoli, Valentin and Campbell, Andrew and Doucet, Arnaud},
  journal={arXiv preprint arXiv:2303.16852},
  year={2023}
}


@article{liu2023i2sb,
  title={I{$^2$}SB: Image-to-Image Schr{\"o}dinger Bridge},
  author={Liu, Guan-Horng and Vahdat, Arash and Huang, De-An and Theodorou, Evangelos A and Nie, Weili and Anandkumar, Anima},
  journal={arXiv preprint arXiv:2302.05872},
  year={2023},
}


@article{liu2022flow,
  title={Flow straight and fast: Learning to generate and transfer data with rectified flow},
  author={Liu, Xingchao and Gong, Chengyue and Liu, Qiang},
  journal={arXiv preprint arXiv:2209.03003},
  year={2022}
}

@article{heitz2023iterative,
  title={Iterative $\alpha$-(de) Blending: a Minimalist Deterministic Diffusion Model},
  author={Heitz, Eric and Belcour, Laurent and Chambon, Thomas},
  journal={arXiv preprint arXiv:2305.03486},
  year={2023}
}


@article{kamilov2022plug,
  title={Plug-and-play methods for integrating physical and learned models in computational imaging},
  author={Kamilov, Ulugbek S and Bouman, Charles A and Buzzard, Gregery T and Wohlberg, Brendt},
  journal={arXiv preprint arXiv:2203.17061},
  year={2022}
}

@inproceedings{robbins1956empirical,
  title={An empirical Bayes approach to statistics},
  author={Robbins, Herbert},
  booktitle={Proc. 3rd Berkeley Symp. Math. Statist. Probab., 1956},
  volume={1},
  pages={157--163},
  year={1956}
}

@article{efron2011tweedie,
  title={Tweedie’s formula and selection bias},
  author={Efron, Bradley},
  journal={Journal of the American Statistical Association},
  volume={106},
  number={496},
  pages={1602--1614},
  year={2011},
  publisher={Taylor \& Francis}
}

@article{song2023consistency,
  title={Consistency Models},
  author={Song, Yang and Dhariwal, Prafulla and Chen, Mark and Sutskever, Ilya},
  journal={arXiv preprint arXiv:2303.01469},
  year={2023}
}

@inproceedings{
albergo2023building,
title={Building Normalizing Flows with Stochastic Interpolants},
author={Michael Samuel Albergo and Eric Vanden-Eijnden},
booktitle={The Eleventh International Conference on Learning Representations },
year={2023},
url={https://openreview.net/forum?id=li7qeBbCR1t}
}

@inproceedings{
liu2023flow,
title={Flow Straight and Fast: Learning to Generate and Transfer Data with Rectified Flow},
author={Xingchao Liu and Chengyue Gong and qiang liu},
booktitle={The Eleventh International Conference on Learning Representations },
year={2023},
url={https://openreview.net/forum?id=XVjTT1nw5z}
}

@inproceedings{
lipman2023flow,
title={Flow Matching for Generative Modeling},
author={Yaron Lipman and Ricky T. Q. Chen and Heli Ben-Hamu and Maximilian Nickel and Matthew Le},
booktitle={The Eleventh International Conference on Learning Representations },
year={2023},
url={https://openreview.net/forum?id=PqvMRDCJT9t}
}
