@article{cao2021explanatory,
  title={Explanatory models in neuroscience: Part 2--constraint-based intelligibility},
  author={Cao, Rosa and Yamins, Daniel},
  journal={Cognitive Systems Research},
  volume = {85},
  year={2024}
}

@article{krizhevsky2017imagenet,
  title={Imagenet classification with deep convolutional neural networks},
  author={Krizhevsky, Alex and Sutskever, Ilya and Hinton, Geoffrey E},
  journal={Communications of the ACM},
  volume={60},
  number={6},
  pages={84--90},
  year={2017},
  publisher={AcM New York, NY, USA}
}

@article{dingle2018input,
  title={Input--output maps are strongly biased towards simple outputs},
  author={Dingle, Kamaludin and Camargo, Chico Q and Louis, Ard A},
  journal={Nature communications},
  volume={9},
  number={1},
  pages={761},
  year={2018},
  publisher={Nature Publishing Group UK London}
}

@article{neelakantan2022text,
  title={Text and code embeddings by contrastive pre-training},
  author={Neelakantan, Arvind and Xu, Tao and Puri, Raul and Radford, Alec and Han, Jesse Michael and Tworek, Jerry and Yuan, Qiming and Tezak, Nikolas and Kim, Jong Wook and Hallacy, Chris and others},
  journal={arXiv preprint arXiv:2201.10005},
  year={2022}
}

@inproceedings{babenko2016efficient,
  title={Efficient indexing of billion-scale datasets of deep descriptors},
  author={Babenko, Artem and Lempitsky, Victor},
  booktitle={Proceedings of the IEEE Conference on Computer Vision and Pattern Recognition},
  pages={2055--2063},
  year={2016}
}

@article{mikolov2013efficient,
  title={Efficient estimation of word representations in vector space},
  author={Mikolov, Tomas and Chen, Kai and Corrado, Greg and Dean, Jeffrey},
  journal={arXiv preprint arXiv:1301.3781},
  year={2013}
}

@inproceedings{zhai2022lit,
  title={Lit: Zero-shot transfer with locked-image text tuning},
  author={Zhai, Xiaohua and Wang, Xiao and Mustafa, Basil and Steiner, Andreas and Keysers, Daniel and Kolesnikov, Alexander and Beyer, Lucas},
  booktitle={Proceedings of the IEEE/CVF Conference on Computer Vision and Pattern Recognition},
  pages={18123--18133},
  year={2022}
}

@article{moschella2022relative,
  title={Relative representations enable zero-shot latent space communication},
  author={Moschella, Luca and Maiorca, Valentino and Fumero, Marco and Norelli, Antonio and Locatello, Francesco and Rodol{\`a}, Emanuele},
  journal={arXiv preprint arXiv:2209.15430},
  year={2022}
}

@article{klabunde2023similarity,
  title={Similarity of Neural Network Models: A Survey of Functional and Representational Measures},
  author={Klabunde, Max and Schumacher, Tobias and Strohmaier, Markus and Lemmerich, Florian},
  journal={arXiv preprint arXiv:2305.06329},
  year={2023}
}


@inproceedings{kornblith2019similarity,
  title={Similarity of neural network representations revisited},
  author={Kornblith, Simon and Norouzi, Mohammad and Lee, Honglak and Hinton, Geoffrey},
  booktitle={International conference on machine learning},
  pages={3519--3529},
  year={2019},
  organization={PMLR}
}

@article{raghu2017svcca,
  title={Svcca: Singular vector canonical correlation analysis for deep learning dynamics and interpretability},
  author={Raghu, Maithra and Gilmer, Justin and Yosinski, Jason and Sohl-Dickstein, Jascha},
  journal={Advances in neural information processing systems},
  volume={30},
  year={2017}
}

@article{jahanian2019steerability,
  title={On the" steerability" of generative adversarial networks},
  author={Jahanian, Ali and Chai, Lucy and Isola, Phillip},
  journal={arXiv preprint arXiv:1907.07171},
  year={2019}
}

@article{muttenthaler2022human,
  title={Human alignment of neural network representations},
  author={Muttenthaler, Lukas and Dippel, Jonas and Linhardt, Lorenz and Vandermeulen, Robert A and Kornblith, Simon},
  journal={arXiv preprint arXiv:2211.01201},
  year={2022}
}

@article{russakovsky2015imagenet,
  title={Imagenet large scale visual recognition challenge},
  author={Russakovsky, Olga and Deng, Jia and Su, Hao and Krause, Jonathan and Satheesh, Sanjeev and Ma, Sean and Huang, Zhiheng and Karpathy, Andrej and Khosla, Aditya and Bernstein, Michael and others},
  journal={International journal of computer vision},
  volume={115},
  pages={211--252},
  year={2015},
  publisher={Springer}
}

@article{newton1989truth,
  title={The truth in realism},
  author={Newton-Smith, William H},
  journal={Dialectica},
  volume={43},
  number={1-2},
  pages={31--45},
  year={1989},
  publisher={Wiley Online Library}
}

@inproceedings{gretton2005measuring,
  title={Measuring statistical dependence with Hilbert-Schmidt norms},
  author={Gretton, Arthur and Bousquet, Olivier and Smola, Alex and Sch{\"o}lkopf, Bernhard},
  booktitle={International conference on algorithmic learning theory},
  pages={63--77},
  year={2005},
  organization={Springer}
}


@article{schrimpf2021neural,
  title={The neural architecture of language: Integrative modeling converges on predictive processing},
  author={Schrimpf, Martin and Blank, Idan Asher and Tuckute, Greta and Kauf, Carina and Hosseini, Eghbal A and Kanwisher, Nancy and Tenenbaum, Joshua B and Fedorenko, Evelina},
  journal={Proceedings of the National Academy of Sciences},
  volume={118},
  number={45},
  pages={e2105646118},
  year={2021},
  publisher={National Acad Sciences}
}

@article{yamins2014performance,
  title={Performance-optimized hierarchical models predict neural responses in higher visual cortex},
  author={Yamins, Daniel LK and Hong, Ha and Cadieu, Charles F and Solomon, Ethan A and Seibert, Darren and DiCarlo, James J},
  journal={Proceedings of the national academy of sciences},
  volume={111},
  number={23},
  pages={8619--8624},
  year={2014},
  publisher={National Acad Sciences}
}

@article{zhang2019bertscore,
  title={Bertscore: Evaluating text generation with bert},
  author={Zhang, Tianyi and Kishore, Varsha and Wu, Felix and Weinberger, Kilian Q and Artzi, Yoav},
  journal={arXiv preprint arXiv:1904.09675},
  year={2019}
}

@article{kirstain2021few,
  title={A few more examples may be worth billions of parameters},
  author={Kirstain, Yuval and Lewis, Patrick and Riedel, Sebastian and Levy, Omer},
  journal={arXiv preprint arXiv:2110.04374},
  year={2021}
}

@article{ortiz2023task,
  title={Task Arithmetic in the Tangent Space: Improved Editing of Pre-Trained Models},
  author={Ortiz-Jimenez, Guillermo and Favero, Alessandro and Frossard, Pascal},
  journal={arXiv preprint arXiv:2305.12827},
  year={2023}
}

@article{shepard1987toward,
  title={Toward a universal law of generalization for psychological science},
  author={Shepard, Roger N},
  journal={Science},
  volume={237},
  number={4820},
  pages={1317--1323},
  year={1987},
  publisher={American Association for the Advancement of Science}
}

@article{solomonoff1964formal,
  title={A formal theory of inductive inference. Part I},
  author={Solomonoff, Ray J},
  journal={Information and control},
  volume={7},
  number={1},
  pages={1--22},
  year={1964},
  publisher={Elsevier}
}

@inproceedings{bender2020climbing,
  title={Climbing towards NLU: On meaning, form, and understanding in the age of data},
  author={Bender, Emily M and Koller, Alexander},
  booktitle={Proceedings of the 58th annual meeting of the association for computational linguistics},
  pages={5185--5198},
  year={2020}
}

@article{abdou2021can,
  title={Can language models encode perceptual structure without grounding? a case study in color},
  author={Abdou, Mostafa and Kulmizev, Artur and Hershcovich, Daniel and Frank, Stella and Pavlick, Ellie and S{\o}gaard, Anders},
  journal={arXiv preprint arXiv:2109.06129},
  year={2021}
}

@article{achiam2023gpt,
  title={{GPT-4} technical report},
  author={OpenAI},
  journal={arXiv preprint arXiv:2303.08774},
  year={2023}
}

@inproceedings{park2024quantifying,
      title={Quantifying Representation Reliability in Self-Supervised Learning Models}, 
      author={Young-Jin Park and Hao Wang and Shervin Ardeshir and Navid Azizan},
      year={2024},
  booktitle={Conference on Uncertainty in Artificial Intelligence}
}

@inproceedings{liu2023llava,
    author      = {Liu, Haotian and Li, Chunyuan and Wu, Qingyang and Lee, Yong Jae},
    title       = {Visual Instruction Tuning},
    booktitle   = {NeurIPS},
    year        = {2023}
}


@inproceedings{zimmermann2021contrastive,
  title={Contrastive learning inverts the data generating process},
  author={Zimmermann, Roland S and Sharma, Yash and Schneider, Steffen and Bethge, Matthias and Brendel, Wieland},
  booktitle={International Conference on Machine Learning},
  pages={12979--12990},
  year={2021},
  organization={PMLR}
}

@article{steinberg2021language,
  title={Language models are an effective representation learning technique for electronic health record data},
  author={Steinberg, Ethan and Jung, Ken and Fries, Jason A and Corbin, Conor K and Pfohl, Stephen R and Shah, Nigam H},
  journal={Journal of biomedical informatics},
  volume={113},
  pages={103637},
  year={2021},
  publisher={Elsevier}
}

@article{aronszajn1950theory,
  title={Theory of reproducing kernels},
  author={Aronszajn, Nachman},
  journal={Transactions of the American mathematical society},
  volume={68},
  number={3},
  pages={337--404},
  year={1950}
}

@book{smola1998learning,
  title={Learning with kernels},
  author={Smola, Alex J and Sch{\"o}lkopf, Bernhard},
  volume={4},
  year={1998},
  publisher={Citeseer}
}

@article{mcinnes2018umap,
  title={Umap: Uniform manifold approximation and projection for dimension reduction},
  author={McInnes, Leland and Healy, John and Melville, James},
  journal={arXiv preprint arXiv:1802.03426},
  year={2018}
}

@article{devlin2018bert,
  title={Bert: Pre-training of deep bidirectional transformers for language understanding},
  author={Devlin, Jacob and Chang, Ming-Wei and Lee, Kenton and Toutanova, Kristina},
  journal={arXiv preprint arXiv:1810.04805},
  year={2018}
}

@article{cortes1993learning,
  title={Learning curves: Asymptotic values and rate of convergence},
  author={Cortes, Corinna and Jackel, Lawrence D and Solla, Sara and Vapnik, Vladimir and Denker, John},
  journal={Advances in neural information processing systems},
  volume={6},
  year={1993}
}

@article{baradad2022procedural,
  title={Procedural image programs for representation learning},
  author={Baradad, Manel and Chen, Richard and Wulff, Jonas and Wang, Tongzhou and Feris, Rogerio and Torralba, Antonio and Isola, Phillip},
  journal={Advances in Neural Information Processing Systems},
  volume={35},
  pages={6450--6462},
  year={2022}
}

@inproceedings{baradad2021learning,
  title={Learning to See by Looking at Noise},
  author={Manel Baradad and Jonas Wulff and Tongzhou Wang and Phillip Isola and Antonio Torralba},
  booktitle={Advances in Neural Information Processing Systems},
  year={2021}
}

@article{zhai2019vtab,
  title={The visual task adaptation benchmark},
  author={Zhai, Xiaohua and Puigcerver, Joan and Kolesnikov, Alexander and Ruyssen, Pierre and Riquelme, Carlos and Lucic, Mario and Djolonga, Josip and Pinto, Andre Susano and Neumann, Maxim and Dosovitskiy, Alexey and others},
  year={2019}
}

@article{team2023gemini,
  title={Gemini: a family of highly capable multimodal models},
  author={Google},
  journal={arXiv preprint arXiv:2312.11805},
  year={2023}
}

@article{touvron2023llama,
  title={{LLaMA} 2: Open foundation and fine-tuned chat models},
  author={Touvron, Hugo and Martin, Louis and Stone, Kevin and Albert, Peter and Almahairi, Amjad and Babaei, Yasmine and Bashlykov, Nikolay and Batra, Soumya and Bhargava, Prajjwal and Bhosale, Shruti and others},
  journal={arXiv preprint arXiv:2307.09288},
  year={2023}
}

@article{bahri2021explaining,
  title={Explaining neural scaling laws},
  author={Bahri, Yasaman and Dyer, Ethan and Kaplan, Jared and Lee, Jaehoon and Sharma, Utkarsh},
  journal={arXiv preprint arXiv:2102.06701},
  year={2021}
}

@article{jiang2023mistral,
  title={Mistral 7B},
  author={Jiang, Albert Q and Sablayrolles, Alexandre and Mensch, Arthur and Bamford, Chris and Chaplot, Devendra Singh and Casas, Diego de las and Bressand, Florian and Lengyel, Gianna and Lample, Guillaume and Saulnier, Lucile and others},
  journal={arXiv preprint arXiv:2310.06825},
  year={2023}
}

@article{jiang2024mixtral,
  title={Mixtral of experts},
  author={Jiang, Albert Q and Sablayrolles, Alexandre and Roux, Antoine and Mensch, Arthur and Savary, Blanche and Bamford, Chris and Chaplot, Devendra Singh and Casas, Diego de las and Hanna, Emma Bou and Bressand, Florian and others},
  journal={arXiv preprint arXiv:2401.04088},
  year={2024}
}

@article{team2024gemma,
  title={Gemma: Open models based on gemini research and technology},
  author={Team, Gemma and Mesnard, Thomas and Hardin, Cassidy and Dadashi, Robert and Bhupatiraju, Surya and Pathak, Shreya and Sifre, Laurent and Rivi{\`e}re, Morgane and Kale, Mihir Sanjay and Love, Juliette and others},
  journal={arXiv preprint arXiv:2403.08295},
  year={2024}
}

@article{bigscience2022bloom,
  title={Bloom: A 176b-parameter open-access multilingual language model},
  author={BigScience and Scao, Teven Le and Fan, Angela and Akiki, Christopher and Pavlick, Ellie and Ili{\'c}, Suzana and Hesslow, Daniel and Castagn{\'e}, Roman and Luccioni, Alexandra Sasha and Yvon, Fran{\c{c}}ois and others},
  journal={arXiv preprint arXiv:2211.05100},
  year={2022}
}

@inproceedings{radford2021learning,
  title={Learning transferable visual models from natural language supervision},
  author={Radford, Alec and Kim, Jong Wook and Hallacy, Chris and Ramesh, Aditya and Goh, Gabriel and Agarwal, Sandhini and Sastry, Girish and Askell, Amanda and Mishkin, Pamela and Clark, Jack and others},
  booktitle={International conference on machine learning},
  pages={8748--8763},
  year={2021},
  organization={PMLR}
}

@software{openlm2023openllama,
  author = {Geng, Xinyang and Liu, Hao},
  title = {{OpenLLaMA}: An Open Reproduction of {LLaMA}},
  month = May,
  year = 2023,
  url = {https://github.com/openlm-research/open_llama}
}

@article{radford2019language,
  title={Language models are unsupervised multitask learners},
  author={Radford, Alec and Wu, Jeffrey and Child, Rewon and Luan, David and Amodei, Dario and Sutskever, Ilya and others},
  journal={OpenAI blog},
  volume={1},
  number={8},
  pages={9},
  year={2019}
}

@article{shannon1948mathematical,
  title={A mathematical theory of communication},
  author={Shannon, Claude Elwood},
  journal={The Bell system technical journal},
  volume={27},
  number={3},
  pages={379--423},
  year={1948},
  publisher={Nokia Bell Labs}
}

@inproceedings{draxler2018essentially,
  title={Essentially no barriers in neural network energy landscape},
  author={Draxler, Felix and Veschgini, Kambis and Salmhofer, Manfred and Hamprecht, Fred},
  booktitle={International conference on machine learning},
  pages={1309--1318},
  year={2018},
  organization={PMLR}
}

@article{nagarajan2019uniform,
  title={Uniform convergence may be unable to explain generalization in deep learning},
  author={Nagarajan, Vaishnavh and Kolter, J Zico},
  journal={Advances in Neural Information Processing Systems},
  volume={32},
  year={2019}
}

@article{garipov2018loss,
  title={Loss surfaces, mode connectivity, and fast ensembling of dnns},
  author={Garipov, Timur and Izmailov, Pavel and Podoprikhin, Dmitrii and Vetrov, Dmitry P and Wilson, Andrew G},
  journal={Advances in neural information processing systems},
  volume={31},
  year={2018}
}


@article{freeman2016topology,
  title={Topology and geometry of half-rectified network optimization},
  author={Freeman, C Daniel and Bruna, Joan},
  journal={arXiv preprint arXiv:1611.01540},
  year={2016}
}

@inproceedings{frankle2020linear,
  title={Linear mode connectivity and the lottery ticket hypothesis},
  author={Frankle, Jonathan and Dziugaite, Gintare Karolina and Roy, Daniel and Carbin, Michael},
  booktitle={International Conference on Machine Learning},
  pages={3259--3269},
  year={2020},
  organization={PMLR}
}

@inproceedings{dravid2023rosetta,
  title={Rosetta neurons: Mining the common units in a model zoo},
  author={Dravid, Amil and Gandelsman, Yossi and Efros, Alexei A and Shocher, Assaf},
  booktitle={Proceedings of the IEEE/CVF International Conference on Computer Vision},
  pages={1934--1943},
  year={2023}
}

@inproceedings{werbos1987learning,
  title={Learning how the world works: Specifications for predictive networks in robots and brains},
  author={Werbos, Paul J},
  booktitle={Proceedings of IEEE International Conference on Systems, Man and Cybernetics, NY},
  year={1987}
}

@article{ha2018world,
  title={World models},
  author={Ha, David and Schmidhuber, J{\"u}rgen},
  journal={arXiv preprint arXiv:1803.10122},
  year={2018}
}

@article{hestness2017deep,
  title={Deep learning scaling is predictable, empirically},
  author={Hestness, Joel and Narang, Sharan and Ardalani, Newsha and Diamos, Gregory and Jun, Heewoo and Kianinejad, Hassan and Patwary, Md Mostofa Ali and Yang, Yang and Zhou, Yanqi},
  journal={arXiv preprint arXiv:1712.00409},
  year={2017}
}

@article{lian2023llm,
  title={{LLM}-grounded diffusion: Enhancing prompt understanding of text-to-image diffusion models with large language models},
  author={Lian, Long and Li, Boyi and Yala, Adam and Darrell, Trevor},
  journal={arXiv preprint arXiv:2305.13655},
  year={2023}
}

@article{mitra2023compositional,
  title={Compositional chain-of-thought prompting for large multimodal models},
  author={Mitra, Chancharik and Huang, Brandon and Darrell, Trevor and Herzig, Roei},
  journal={arXiv preprint arXiv:2311.17076},
  year={2023}
}

@article{oord2018representation,
  title={Representation learning with contrastive predictive coding},
  author={Oord, Aaron van den and Li, Yazhe and Vinyals, Oriol},
  journal={arXiv preprint arXiv:1807.03748},
  year={2018}
}

@book{gell1995quark,
  title={The Quark and the Jaguar: Adventures in the Simple and the Complex},
  author={Gell-Mann, Murray},
  year={1995},
  publisher={Macmillan}
}

@inproceedings{gutmann2010noise,
  title={Noise-contrastive estimation: A new estimation principle for unnormalized statistical models},
  author={Gutmann, Michael and Hyv{\"a}rinen, Aapo},
  booktitle={Proceedings of the thirteenth international conference on artificial intelligence and statistics},
  pages={297--304},
  year={2010},
  organization={JMLR Workshop and Conference Proceedings}
}

@article{papyan2020prevalence,
  title={Prevalence of neural collapse during the terminal phase of deep learning training},
  author={Papyan, Vardan and Han, XY and Donoho, David L},
  journal={Proceedings of the National Academy of Sciences},
  volume={117},
  number={40},
  pages={24652--24663},
  year={2020},
  publisher={National Acad Sciences}
}

@article{oron2017best,
  title={Best-buddies similarity—Robust template matching using mutual nearest neighbors},
  author={Oron, Shaul and Dekel, Tali and Xue, Tianfan and Freeman, William T and Avidan, Shai},
  journal={IEEE transactions on pattern analysis and machine intelligence},
  volume={40},
  number={8},
  pages={1799--1813},
  year={2017},
  publisher={IEEE}
}

@book{nettleship1897lecturesplato,
  title={Lectures on the `Republic' of Plato},
  author={Nettleship, Richard Lewis},
  volume={2},
  year={1897},
  publisher={Macmillan}
}

@article{scaman2019optimal,
  title={Optimal convergence rates for convex distributed optimization in networks},
  author={Scaman, Kevin and Bach, Francis and Bubeck, S{\'e}bastien and Lee, Yin Tat and Massouli{\'e}, Laurent},
  journal={Journal of Machine Learning Research},
  volume={20},
  pages={1--31},
  year={2019}
}

@article{putnam1982three,
  title={Three kinds of scientific realism},
  author={Putnam, Hilary},
  journal={The Philosophical Quarterly (1950-)},
  volume={32},
  number={128},
  pages={195--200},
  year={1982},
  publisher={JSTOR}
}

@article{doppelt2007reconstructing,
  title={Reconstructing scientific realism to rebut the pessimistic meta-induction},
  author={Doppelt, Gerald},
  journal={Philosophy of Science},
  volume={74},
  number={1},
  pages={96--118},
  year={2007},
  publisher={Cambridge University Press}
}

@article{hardin1982defense,
  title={In defense of convergent realism},
  author={Hardin, Clyde L and Rosenberg, Alexander},
  journal={Philosophy of Science},
  volume={49},
  number={4},
  pages={604--615},
  year={1982},
  publisher={Cambridge University Press}
}
@book{newton1981rationality,
  title={The Rationality of Science},
  author={Newton-Smith, W.},
  isbn={9780710009135},
  lccn={lc81008556},
  series={International Library of Philosophy, Psychology, and Scientific Method},
  year={1981},
  publisher={Routledge \& Kegan Paul}
}


@inproceedings{simsek2021geometry,
  title={Geometry of the loss landscape in overparameterized neural networks: Symmetries and invariances},
  author={Simsek, Berfin and Ged, Fran{\c{c}}ois and Jacot, Arthur and Spadaro, Francesco and Hongler, Cl{\'e}ment and Gerstner, Wulfram and Brea, Johanni},
  booktitle={International Conference on Machine Learning},
  pages={9722--9732},
  year={2021},
  organization={PMLR}
}

@article{fukumizu2000local,
  title={Local minima and plateaus in hierarchical structures of multilayer perceptrons},
  author={Fukumizu, Kenji and Amari, Shun-ichi},
  journal={Neural networks},
  volume={13},
  number={3},
  pages={317--327},
  year={2000},
  publisher={Elsevier}
}

@article{brea2019weight,
  title={Weight-space symmetry in deep networks gives rise to permutation saddles, connected by equal-loss valleys across the loss landscape},
  author={Brea, Johanni and Simsek, Berfin and Illing, Bernd and Gerstner, Wulfram},
  journal={arXiv preprint arXiv:1907.02911},
  year={2019}
}

@article{tatro2020optimizing,
  title={Optimizing mode connectivity via neuron alignment},
  author={Tatro, Norman and Chen, Pin-Yu and Das, Payel and Melnyk, Igor and Sattigeri, Prasanna and Lai, Rongjie},
  journal={Advances in Neural Information Processing Systems},
  volume={33},
  pages={15300--15311},
  year={2020}
}

@article{driess2023palm,
  title={Palm-e: An embodied multimodal language model},
  author={Driess, Danny and Xia, Fei and Sajjadi, Mehdi SM and Lynch, Corey and Chowdhery, Aakanksha and Ichter, Brian and Wahid, Ayzaan and Tompson, Jonathan and Vuong, Quan and Yu, Tianhe and others},
  journal={arXiv preprint arXiv:2303.03378},
  year={2023}
}

@article{brohan2023rt,
  title={Rt-2: Vision-language-action models transfer web knowledge to robotic control},
  author={Brohan, Anthony and Brown, Noah and Carbajal, Justice and Chebotar, Yevgen and Chen, Xi and Choromanski, Krzysztof and Ding, Tianli and Driess, Danny and Dubey, Avinava and Finn, Chelsea and others},
  journal={arXiv preprint arXiv:2307.15818},
  year={2023}
}

@article{ma2024segment,
  title={Segment anything in medical images},
  author={Ma, Jun and He, Yuting and Li, Feifei and Han, Lin and You, Chenyu and Wang, Bo},
  journal={Nature Communications},
  volume={15},
  number={1},
  pages={654},
  year={2024},
  publisher={Nature Publishing Group UK London}
}

@article{entezari2021role,
  title={The role of permutation invariance in linear mode connectivity of neural networks},
  author={Entezari, Rahim and Sedghi, Hanie and Saukh, Olga and Neyshabur, Behnam},
  journal={arXiv preprint arXiv:2110.06296},
  year={2021}
}

@article{fort2019large,
  title={Large scale structure of neural network loss landscapes},
  author={Fort, Stanislav and Jastrzebski, Stanislaw},
  journal={Advances in Neural Information Processing Systems},
  volume={32},
  year={2019}
}

@techreport{rumelhart1985learning,
  title={Learning internal representations by error propagation},
  author={Rumelhart, David E and Hinton, Geoffrey E and Williams, Ronald J},
  year={1985},
  institution={California Univ San Diego La Jolla Inst for Cognitive Science}
}

@article{liu2020bad,
  title={Bad global minima exist and sgd can reach them},
  author={Liu, Shengchao and Papailiopoulos, Dimitris and Achlioptas, Dimitris},
  journal={Advances in Neural Information Processing Systems},
  volume={33},
  pages={8543--8552},
  year={2020}
}


@inproceedings{lenc2015understanding,
  title={Understanding image representations by measuring their equivariance and equivalence},
  author={Lenc, Karel and Vedaldi, Andrea},
  booktitle={Proceedings of the IEEE conference on computer vision and pattern recognition},
  pages={991--999},
  year={2015}
}


@article{arora2019theoretical,
  title={A theoretical analysis of contrastive unsupervised representation learning},
  author={Arora, Sanjeev and Khandeparkar, Hrishikesh and Khodak, Mikhail and Plevrakis, Orestis and Saunshi, Nikunj},
  journal={arXiv preprint arXiv:1902.09229},
  year={2019}
}

@article{bansal2021revisiting,
  title={Revisiting model stitching to compare neural representations},
  author={Bansal, Yamini and Nakkiran, Preetum and Barak, Boaz},
  journal={Advances in neural information processing systems},
  volume={34},
  pages={225--236},
  year={2021}
}

@article{zhou2023lima,
  title={LIMA: Less Is More for Alignment},
  author={Zhou, Chunting and Liu, Pengfei and Xu, Puxin and Iyer, Srini and Sun, Jiao and Mao, Yuning and Ma, Xuezhe and Efrat, Avia and Yu, Ping and Yu, Lili and others},
  journal={arXiv preprint arXiv:2305.11206},
  year={2023}
}

@inproceedings{ramasesh2022effect,
  title={Effect of scale on catastrophic forgetting in neural networks},
  author={Ramasesh, Vinay Venkatesh and Lewkowycz, Aitor and Dyer, Ethan},
  booktitle={International Conference on Learning Representations},
  year={2022}
}

@article{mehta2021empirical,
  title={An empirical investigation of the role of pre-training in lifelong learning},
  author={Mehta, Sanket Vaibhav and Patil, Darshan and Chandar, Sarath and Strubell, Emma},
  journal={arXiv preprint arXiv:2112.09153},
  year={2021}
}

@article{betker2023improving,
  title={Improving image generation with better captions},
  author={Betker, James and Goh, Gabriel and Jing, Li and Brooks, Tim and Wang, Jianfeng and Li, Linjie and Ouyang, Long and Zhuang, Juntang and Lee, Joyce and Guo, Yufei and others},
  journal={Computer Science. https://cdn. openai. com/papers/dall-e-3. pdf},
  volume={2},
  number={3},
  pages={8},
  year={2023}
}

@article{wu2023self,
  title={Self-correcting {LLM}-controlled diffusion models},
  author={Wu, Tsung-Han and Lian, Long and Gonzalez, Joseph E and Li, Boyi and Darrell, Trevor},
  journal={arXiv preprint arXiv:2311.16090},
  year={2023}
}

@article{lian2023llmvideo,
  title={{LLM}-grounded video diffusion models},
  author={Lian, Long and Shi, Baifeng and Yala, Adam and Darrell, Trevor and Li, Boyi},
  journal={arXiv preprint arXiv:2309.17444},
  year={2023}
}

@inproceedings{mirzadeh2022wide,
  title={Wide neural networks forget less catastrophically},
  author={Mirzadeh, Seyed Iman and Chaudhry, Arslan and Yin, Dong and Hu, Huiyi and Pascanu, Razvan and Gorur, Dilan and Farajtabar, Mehrdad},
  booktitle={International Conference on Machine Learning},
  pages={15699--15717},
  year={2022},
  organization={PMLR}
}

@article{hu2021lora,
  title={Lora: Low-rank adaptation of large language models},
  author={Hu, Edward J and Shen, Yelong and Wallis, Phillip and Allen-Zhu, Zeyuan and Li, Yuanzhi and Wang, Shean and Wang, Lu and Chen, Weizhu},
  journal={arXiv preprint arXiv:2106.09685},
  year={2021}
}


@inproceedings{wortsman2022model,
  title={Model soups: averaging weights of multiple fine-tuned models improves accuracy without increasing inference time},
  author={Wortsman, Mitchell and Ilharco, Gabriel and Gadre, Samir Ya and Roelofs, Rebecca and Gontijo-Lopes, Raphael and Morcos, Ari S and Namkoong, Hongseok and Farhadi, Ali and Carmon, Yair and Kornblith, Simon and others},
  booktitle={International Conference on Machine Learning},
  pages={23965--23998},
  year={2022},
  organization={PMLR}
}

@article{juneja2022linear,
  title={Linear connectivity reveals generalization strategies},
  author={Juneja, Jeevesh and Bansal, Rachit and Cho, Kyunghyun and Sedoc, Jo{\~a}o and Saphra, Naomi},
  journal={arXiv preprint arXiv:2205.12411},
  year={2022}
}

@article{legg2008machine,
  title={Machine super intelligence},
  author={Legg, Shane},
  year={2008}
}

@article{lubana2022mechanistic,
  title={Mechanistic Mode Connectivity},
  author={Lubana, Ekdeep Singh and Bigelow, Eric J and Dick, Robert P and Krueger, David and Tanaka, Hidenori},
  journal={arXiv preprint arXiv:2211.08422},
  year={2022}
}


@article{ainsworth2022git,
  title={Git re-basin: Merging models modulo permutation symmetries},
  author={Ainsworth, Samuel K and Hayase, Jonathan and Srinivasa, Siddhartha},
  journal={arXiv preprint arXiv:2209.04836},
  year={2022}
}

@article{stoica2023zipit,
  title={ZipIt! Merging Models from Different Tasks without Training},
  author={Stoica, George and Bolya, Daniel and Bjorner, Jakob and Hearn, Taylor and Hoffman, Judy},
  journal={arXiv preprint arXiv:2305.03053},
  year={2023}
}

@article{jordan2022repair,
  title={REPAIR: REnormalizing Permuted Activations for Interpolation Repair},
  author={Jordan, Keller and Sedghi, Hanie and Saukh, Olga and Entezari, Rahim and Neyshabur, Behnam},
  journal={arXiv preprint arXiv:2211.08403},
  year={2022}
}

@article{huang2017snapshot,
  title={Snapshot ensembles: Train 1, get m for free},
  author={Huang, Gao and Li, Yixuan and Pleiss, Geoff and Liu, Zhuang and Hopcroft, John E and Weinberger, Kilian Q},
  journal={arXiv preprint arXiv:1704.00109},
  year={2017}
}

@article{izmailov2018averaging,
  title={Averaging weights leads to wider optima and better generalization},
  author={Izmailov, Pavel and Podoprikhin, Dmitrii and Garipov, Timur and Vetrov, Dmitry and Wilson, Andrew Gordon},
  journal={arXiv preprint arXiv:1803.05407},
  year={2018}
}

@article{polyak1992acceleration,
  title={Acceleration of stochastic approximation by averaging},
  author={Polyak, Boris T and Juditsky, Anatoli B},
  journal={SIAM journal on control and optimization},
  volume={30},
  number={4},
  pages={838--855},
  year={1992},
  publisher={SIAM}
}

@article{groeneveld2024olmo,
  title={Olmo: Accelerating the science of language models},
  author={Groeneveld, Dirk and Beltagy, Iz and Walsh, Pete and Bhagia, Akshita and Kinney, Rodney and Tafjord, Oyvind and Jha, Ananya Harsh and Ivison, Hamish and Magnusson, Ian and Wang, Yizhong and others},
  journal={arXiv preprint arXiv:2402.00838},
  year={2024}
}

@article{tarvainen2017mean,
  title={Mean teachers are better role models: Weight-averaged consistency targets improve semi-supervised deep learning results},
  author={Tarvainen, Antti and Valpola, Harri},
  journal={Advances in neural information processing systems},
  volume={30},
  year={2017}
}


@article{dosovitskiy2020image,
  title={An image is worth 16x16 words: Transformers for image recognition at scale},
  author={Dosovitskiy, Alexey and Beyer, Lucas and Kolesnikov, Alexander and Weissenborn, Dirk and Zhai, Xiaohua and Unterthiner, Thomas and Dehghani, Mostafa and Minderer, Matthias and Heigold, Georg and Gelly, Sylvain and others},
  journal={arXiv preprint arXiv:2010.11929},
  year={2020}
}

@inproceedings{sauer2022styleganxl,
  title={{StylegGAN-XL}: Scaling {StyleGAN} to large diverse datasets},
  author={Sauer, Axel and Schwarz, Katja and Geiger, Andreas},
  booktitle={ACM SIGGRAPH 2022 conference proceedings},
  pages={1--10},
  year={2022}
}

@article{dettmers2022gpt3,
  title={Gpt3. int8 (): 8-bit matrix multiplication for transformers at scale},
  author={Dettmers, Tim and Lewis, Mike and Belkada, Younes and Zettlemoyer, Luke},
  journal={Advances in Neural Information Processing Systems},
  volume={35},
  pages={30318--30332},
  year={2022}
}


@article{mirza2014conditional,
  title={Conditional generative adversarial nets},
  author={Mirza, Mehdi and Osindero, Simon},
  journal={arXiv preprint arXiv:1411.1784},
  year={2014}
}

@article{shi2024diffusion,
  title={Diffusion Schr{\"o}dinger bridge matching},
  author={Shi, Yuyang and De Bortoli, Valentin and Campbell, Andrew and Doucet, Arnaud},
  journal={Advances in Neural Information Processing Systems},
  volume={36},
  year={2024}
}


@inproceedings{liu2020selfconditioned,
 title={Diverse Image Generation via Self-Conditioned {GANs}},
 author={Liu, Steven and Wang, Tongzhou and Bau, David and Zhu, Jun-Yan and Torralba, Antonio},
 booktitle={Proceedings of the IEEE/CVF Conference on Computer Vision and Pattern Recognition (CVPR)},
 year={2020}
}

@article{RCG2023,
  author  = {Tianhong Li and Dina Katabi and Kaiming He},
  journal = {arXiv:2312.03701},
  title   = {Return of Unconditional Generation: A Self-supervised Representation Generation Method},
  year    = {2023},
}

@article{xie2022unsupervised,
  title={Unsupervised image-to-image translation with density changing regularization},
  author={Xie, Shaoan and Ho, Qirong and Zhang, Kun},
  journal={Advances in Neural Information Processing Systems},
  volume={35},
  pages={28545--28558},
  year={2022}
}

@inproceedings{cai2021exponential,
  title={Exponential moving average normalization for self-supervised and semi-supervised learning},
  author={Cai, Zhaowei and Ravichandran, Avinash and Maji, Subhransu and Fowlkes, Charless and Tu, Zhuowen and Soatto, Stefano},
  booktitle={Proceedings of the IEEE/CVF Conference on Computer Vision and Pattern Recognition},
  pages={194--203},
  year={2021}
}

@article{grill2020bootstrap,
  title={Bootstrap your own latent-a new approach to self-supervised learning},
  author={Grill, Jean-Bastien and Strub, Florian and Altch{\'e}, Florent and Tallec, Corentin and Richemond, Pierre and Buchatskaya, Elena and Doersch, Carl and Avila Pires, Bernardo and Guo, Zhaohan and Gheshlaghi Azar, Mohammad and others},
  journal={Advances in neural information processing systems},
  volume={33},
  pages={21271--21284},
  year={2020}
}

@inproceedings{tongzhouw2020hypersphere,
  title={Understanding Contrastive Representation Learning through Alignment and Uniformity on the Hypersphere},
  author={Wang, Tongzhou and Isola, Phillip},
  booktitle={International Conference on Machine Learning},
  organization={PMLR},
  pages={9929--9939},
  year={2020}
}

@inproceedings{he2021masked,
  title={Masked autoencoders are scalable vision learners. 2022 IEEE},
  author={He, Kaiming and Chen, Xinlei and Xie, Saining and Li, Yanghao and Doll’ar, Piotr and Girshick, Ross B},
  booktitle={CVF Conference on Computer Vision and Pattern Recognition (CVPR)},
  pages={15979--15988},
  year={2021}
}

@misc{timm,
  title = {{PyTorch} Image Models},
  author = {Ross Wightman},
  howpublished = {\url{https://github.com/rwightman/pytorch-image-models}},
  year = {2021},
}

@article{wolf2019huggingface,
  title={Huggingface's transformers: State-of-the-art natural language processing},
  author={Wolf, Thomas and Debut, Lysandre and Sanh, Victor and Chaumond, Julien and Delangue, Clement and Moi, Anthony and Cistac, Pierric and Rault, Tim and Louf, R{\'e}mi and Funtowicz, Morgan and others},
  journal={arXiv preprint arXiv:1910.03771},
  year={2019}
}


@inproceedings{tian2020rethinking,
  title={Rethinking few-shot image classification: a good embedding is all you need?},
  author={Tian, Yonglong and Wang, Yue and Krishnan, Dilip and Tenenbaum, Joshua B and Isola, Phillip},
  booktitle={Computer Vision--ECCV 2020: 16th European Conference, Glasgow, UK, August 23--28, 2020, Proceedings, Part XIV 16},
  pages={266--282},
  year={2020},
  organization={Springer}
}

@inproceedings{caron2021emerging,
  title={Emerging properties in self-supervised vision transformers},
  author={Caron, Mathilde and Touvron, Hugo and Misra, Ishan and J{\'e}gou, Herv{\'e} and Mairal, Julien and Bojanowski, Piotr and Joulin, Armand},
  booktitle={Proceedings of the IEEE/CVF international conference on computer vision},
  pages={9650--9660},
  year={2021}
}

@inproceedings{tian2020contrastive,
  title={Contrastive multiview coding},
  author={Tian, Yonglong and Krishnan, Dilip and Isola, Phillip},
  booktitle={Computer Vision--ECCV 2020: 16th European Conference, Glasgow, UK, August 23--28, 2020, Proceedings, Part XI 16},
  pages={776--794},
  year={2020},
  organization={Springer}
}

@inproceedings{vlaar2022can,
  title={What can linear interpolation of neural network loss landscapes tell us?},
  author={Vlaar, Tiffany J and Frankle, Jonathan},
  booktitle={International Conference on Machine Learning},
  pages={22325--22341},
  year={2022},
  organization={PMLR}
}

@inproceedings{lucas2021monotonic,
  title={On monotonic linear interpolation of neural network parameters},
  author={Lucas, James R and Bae, Juhan and Zhang, Michael R and Fort, Stanislav and Zemel, Richard and Grosse, Roger B},
  booktitle={International Conference on Machine Learning},
  pages={7168--7179},
  year={2021},
  organization={PMLR}
}

@article{goodfellow2014qualitatively,
  title={Qualitatively characterizing neural network optimization problems},
  author={Goodfellow, Ian J and Vinyals, Oriol and Saxe, Andrew M},
  journal={arXiv preprint arXiv:1412.6544},
  year={2014}
}

@article{frankle2020revisiting,
  title={Revisiting" qualitatively characterizing neural network optimization problems"},
  author={Frankle, Jonathan},
  journal={arXiv preprint arXiv:2012.06898},
  year={2020}
}

@article{jolicoeur2023population,
  title={PopulAtion Parameter Averaging (PAPA)},
  author={Jolicoeur-Martineau, Alexia and Gervais, Emy and Fatras, Kilian and Zhang, Yan and Lacoste-Julien, Simon},
  journal={arXiv preprint arXiv:2304.03094},
  year={2023}
}

@inproceedings{chen2020simple,
  title={A simple framework for contrastive learning of visual representations},
  author={Chen, Ting and Kornblith, Simon and Norouzi, Mohammad and Hinton, Geoffrey},
  booktitle={International conference on machine learning},
  pages={1597--1607},
  year={2020},
  organization={PMLR}
}

@article{zhou2017places,
  title={Places: A 10 million image database for scene recognition},
  author={Zhou, Bolei and Lapedriza, Agata and Khosla, Aditya and Oliva, Aude and Torralba, Antonio},
  journal={IEEE transactions on pattern analysis and machine intelligence},
  volume={40},
  number={6},
  pages={1452--1464},
  year={2017},
  publisher={IEEE}
}

@article{lopez2020semantic,
  title={Semantic-aware scene recognition},
  author={L{\'o}pez-Cifuentes, Alejandro and Escudero-Vinolo, Marcos and Besc{\'o}s, Jes{\'u}s and Garc{\'\i}a-Mart{\'\i}n, {\'A}lvaro},
  journal={Pattern Recognition},
  volume={102},
  pages={107256},
  year={2020},
  publisher={Elsevier}
}

@article{radford2017learning,
  title={Learning to generate reviews and discovering sentiment},
  author={Radford, Alec and Jozefowicz, Rafal and Sutskever, Ilya},
  journal={arXiv preprint arXiv:1704.01444},
  year={2017}
}

@inproceedings{he2020momentum,
  title={Momentum contrast for unsupervised visual representation learning},
  author={He, Kaiming and Fan, Haoqi and Wu, Yuxin and Xie, Saining and Girshick, Ross},
  booktitle={Proceedings of the IEEE/CVF conference on computer vision and pattern recognition},
  pages={9729--9738},
  year={2020}
}

@article{wortsman2022fi,
  title={lo-fi: distributed fine-tuning without communication},
  author={Wortsman, Mitchell and Gururangan, Suchin and Li, Shen and Farhadi, Ali and Schmidt, Ludwig and Rabbat, Michael and Morcos, Ari S},
  journal={arXiv preprint arXiv:2210.11948},
  year={2022}
}

@inproceedings{gu2023can,
  title={I Can't Believe There's No Images! Learning Visual Tasks Using only Language Supervision},
  author={Gu, Sophia and Clark, Christopher and Kembhavi, Aniruddha},
  booktitle={Proceedings of the IEEE/CVF International Conference on Computer Vision},
  pages={2672--2683},
  year={2023}
}

@inproceedings{koh2023grounding,
  title={Grounding language models to images for multimodal inputs and outputs},
  author={Koh, Jing Yu and Salakhutdinov, Ruslan and Fried, Daniel},
  booktitle={International Conference on Machine Learning},
  pages={17283--17300},
  year={2023},
  organization={PMLR}
}

@inproceedings{ng2023can,
  title={Can Language Models Learn to Listen?},
  author={Ng, Evonne and Subramanian, Sanjay and Klein, Dan and Kanazawa, Angjoo and Darrell, Trevor and Ginosar, Shiry},
  booktitle={Proceedings of the IEEE/CVF International Conference on Computer Vision},
  pages={10083--10093},
  year={2023}
}

@article{neyshabur2020being,
  title={What is being transferred in transfer learning?},
  author={Neyshabur, Behnam and Sedghi, Hanie and Zhang, Chiyuan},
  journal={Advances in neural information processing systems},
  volume={33},
  pages={512--523},
  year={2020}
}

@article{merullo2022linearly,
  title={Linearly mapping from image to text space},
  author={Merullo, Jack and Castricato, Louis and Eickhoff, Carsten and Pavlick, Ellie},
  journal={arXiv preprint arXiv:2209.15162},
  year={2022}
}

@article{lu2021pretrained,
  title={Pretrained transformers as universal computation engines},
  author={Lu, Kevin and Grover, Aditya and Abbeel, Pieter and Mordatch, Igor},
  journal={arXiv preprint arXiv:2103.05247},
  volume={1},
  year={2021}
}

@inproceedings{srinivasan2021wit,
  title={Wit: Wikipedia-based image text dataset for multimodal multilingual machine learning},
  author={Srinivasan, Krishna and Raman, Karthik and Chen, Jiecao and Bendersky, Michael and Najork, Marc},
  booktitle={Proceedings of the 44th International ACM SIGIR Conference on Research and Development in Information Retrieval},
  pages={2443--2449},
  year={2021}
}

@article{huh2023simplicitybias,
    title={The Low-Rank Simplicity Bias in Deep Networks},
    author={Minyoung Huh and Hossein Mobahi and Richard Zhang and Brian Cheung and Pulkit Agrawal and Phillip Isola},
    journal={Transactions on Machine Learning Research},
    issn={2835-8856},
    year={2023},
    url={https://openreview.net/forum?id=bCiNWDmlY2},
}

@inproceedings{valle2018deep,
  title={Deep learning generalizes because the parameter-function map is biased towards simple functions},
  author={Valle-Perez, Guillermo and Camargo, Chico Q and Louis, Ard A},
  booktitle={International Conference on Learning Representations},
  year={2019}
}

@inproceedings{gunasekar2018implicit,
  title={Implicit bias of gradient descent on linear convolutional networks},
  author={Gunasekar, Suriya and Lee, Jason D and Soudry, Daniel and Srebro, Nati},
  booktitle={Advances in Neural Information Processing Systems},
  pages={9461--9471},
  year={2018}
}

@article{arora2019implicit,
  title={Implicit regularization in deep matrix factorization},
  author={Arora, Sanjeev and Cohen, Nadav and Hu, Wei and Luo, Yuping},
  journal={Advances in Neural Information Processing Systems},
  volume={32},
  year={2019}
}

@article{shah2020pitfalls,
  title={The pitfalls of simplicity bias in neural networks},
  author={Shah, Harshay and Tamuly, Kaustav and Raghunathan, Aditi and Jain, Prateek and Netrapalli, Praneeth},
  journal={arXiv preprint arXiv:2006.07710},
  year={2020}
}

@article{rosenfeld2019constructive,
  title={A constructive prediction of the generalization error across scales},
  author={Rosenfeld, Jonathan S and Rosenfeld, Amir and Belinkov, Yonatan and Shavit, Nir},
  journal={arXiv preprint arXiv:1909.12673},
  year={2019}
}

@article{kaplan2020scaling,
  title={Scaling laws for neural language models},
  author={Kaplan, Jared and McCandlish, Sam and Henighan, Tom and Brown, Tom B and Chess, Benjamin and Child, Rewon and Gray, Scott and Radford, Alec and Wu, Jeffrey and Amodei, Dario},
  journal={arXiv preprint arXiv:2001.08361},
  year={2020}
}

@article{hoffmann2022training,
  title={Training compute-optimal large language models},
  author={Hoffmann, Jordan and Borgeaud, Sebastian and Mensch, Arthur and Buchatskaya, Elena and Cai, Trevor and Rutherford, Eliza and Casas, Diego de Las and Hendricks, Lisa Anne and Welbl, Johannes and Clark, Aidan and others},
  journal={arXiv preprint arXiv:2203.15556},
  year={2022}
}

@article{goldblum2023no,
  title={The No Free Lunch Theorem, {K}olmogorov Complexity, and the Role of Inductive Biases in Machine Learning},
  author={Goldblum, Micah and Finzi, Marc and Rowan, Keefer and Wilson, Andrew Gordon},
  journal={arXiv preprint arXiv:2304.05366},
  year={2023}
}

@inproceedings{roeder2021linear,
  title={On linear identifiability of learned representations},
  author={Roeder, Geoffrey and Metz, Luke and Kingma, Durk},
  booktitle={International Conference on Machine Learning},
  pages={9030--9039},
  year={2021},
  organization={PMLR}
}

@inproceedings{han2023system,
  title={System identification of neural systems: If we got it right, would we know?},
  author={Han, Yena and Poggio, Tomaso A and Cheung, Brian},
  booktitle={International Conference on Machine Learning},
  pages={12430--12444},
  year={2023},
  organization={PMLR}
}

@article{olshausen1996emergence,
  title={Emergence of simple-cell receptive field properties by learning a sparse code for natural images},
  author={Olshausen, Bruno A and Field, David J},
  journal={Nature},
  volume={381},
  number={6583},
  pages={607--609},
  year={1996},
  publisher={Nature Publishing Group UK London}
}

@article{kabsch1976solution,
  title={A solution for the best rotation to relate two sets of vectors},
  author={Kabsch, Wolfgang},
  journal={Acta Crystallographica Section A: Crystal Physics, Diffraction, Theoretical and General Crystallography},
  volume={32},
  number={5},
  pages={922--923},
  year={1976},
  publisher={International Union of Crystallography}
}

@article{kabsch1978discussion,
  title={A discussion of the solution for the best rotation to relate two sets of vectors},
  author={Kabsch, Wolfgang},
  journal={Acta Crystallographica Section A: Crystal Physics, Diffraction, Theoretical and General Crystallography},
  volume={34},
  number={5},
  pages={827--828},
  year={1978},
  publisher={International Union of Crystallography}
}

@article{lindsey2014color,
  title={The color lexicon of American English},
  author={Lindsey, Delwin T and Brown, Angela M},
  journal={Journal of vision},
  volume={14},
  number={2},
  pages={17--17},
  year={2014},
  publisher={The Association for Research in Vision and Ophthalmology}
}

@article{umeyama1991least,
  title={Least-squares estimation of transformation parameters between two point patterns},
  author={Umeyama, Shinji},
  journal={IEEE Transactions on Pattern Analysis \& Machine Intelligence},
  volume={13},
  number={04},
  pages={376--380},
  year={1991},
  publisher={IEEE Computer Society}
}

@article{krizhevsky2009learning,
  title={Learning multiple layers of features from tiny images},
  author={Krizhevsky, Alex and Hinton, Geoffrey and others},
  year={2009},
  publisher={Toronto, ON, Canada}
}

@article{torralba200880,
  title={80 million tiny images: A large data set for nonparametric object and scene recognition},
  author={Torralba, Antonio and Fergus, Rob and Freeman, William T},
  journal={IEEE transactions on pattern analysis and machine intelligence},
  volume={30},
  number={11},
  pages={1958--1970},
  year={2008},
  publisher={IEEE}
}

@inproceedings{gao2021simcse,
   title={{SimCSE}: Simple Contrastive Learning of Sentence Embeddings},
   author={Gao, Tianyu and Yao, Xingcheng and Chen, Danqi},
   booktitle={Empirical Methods in Natural Language Processing (EMNLP)},
   year={2021}
}

@article{liu2019roberta,
  title={Roberta: A robustly optimized bert pretraining approach},
  author={Liu, Yinhan and Ott, Myle and Goyal, Naman and Du, Jingfei and Joshi, Mandar and Chen, Danqi and Levy, Omer and Lewis, Mike and Zettlemoyer, Luke and Stoyanov, Veselin},
  journal={arXiv preprint arXiv:1907.11692},
  year={2019}
}


@article{mirchandani2023large,
  title={Large language models as general pattern machines},
  author={Mirchandani, Suvir and Xia, Fei and Florence, Pete and Ichter, Brian and Driess, Danny and Arenas, Montserrat Gonzalez and Rao, Kanishka and Sadigh, Dorsa and Zeng, Andy},
  journal={arXiv preprint arXiv:2307.04721},
  year={2023}
}

@article{bommasani2021opportunities,
  title={On the opportunities and risks of foundation models},
  author={Bommasani, Rishi and Hudson, Drew A and Adeli, Ehsan and Altman, Russ and Arora, Simran and von Arx, Sydney and Bernstein, Michael S and Bohg, Jeannette and Bosselut, Antoine and Brunskill, Emma and others},
  journal={arXiv preprint arXiv:2108.07258},
  year={2021}
}

@article{srivastava2022beyond,
  title={Beyond the imitation game: Quantifying and extrapolating the capabilities of language models},
  author={Srivastava, Aarohi and Rastogi, Abhinav and Rao, Abhishek and Shoeb, Abu Awal Md and Abid, Abubakar and Fisch, Adam and Brown, Adam R and Santoro, Adam and Gupta, Aditya and Garriga-Alonso, Adri{\`a} and others},
  journal={arXiv preprint arXiv:2206.04615},
  year={2022}
}

@article{hooker2021hardware,
  title={The hardware lottery},
  author={Hooker, Sara},
  journal={Communications of the ACM},
  volume={64},
  number={12},
  pages={58--65},
  year={2021},
  publisher={ACM New York, NY, USA}
}

@article{barlow1961possible,
  title={Possible principles underlying the transformation of sensory messages},
  author={Barlow, Horace B and others},
  journal={Sensory communication},
  volume={1},
  number={01},
  pages={217--233},
  year={1961}
}

@article{olshausen1997sparse,
  title={Sparse coding with an overcomplete basis set: A strategy employed by V1?},
  author={Olshausen, Bruno A and Field, David J},
  journal={Vision research},
  volume={37},
  number={23},
  pages={3311--3325},
  year={1997},
  publisher={Elsevier}
}

@inproceedings{balestriero2018spline,
  title={A spline theory of deep learning},
  author={Balestriero, Randall and Baraniuk, Richard G},
  booktitle={International Conference on Machine Learning},
  pages={374--383},
  year={2018},
  organization={PMLR}
}

@article{tranfeature2017tran,
  title={Feature-Matching Auto-Encoders},
  author={Tran, Dustin and Burda, Yura and Sutskever, Ilya},
  year={2017},
  booktitle={Bayesian Deep Learning Workhop at NeurIPS}
}

@inproceedings{CycleGAN2017,
  title={Unpaired Image-to-Image Translation using Cycle-Consistent Adversarial Networks},
  author={Zhu, Jun-Yan and Park, Taesung and Isola, Phillip and Efros, Alexei A},
  booktitle={Computer Vision (ICCV), 2017 IEEE International Conference on},
  year={2017}
}

@article{zhang2016understanding,
  title={Understanding deep learning requires rethinking generalization. arXiv e-prints, page},
  author={Zhang, Chiyuan and Bengio, Samy and Hardt, Moritz and Recht, Benjamin and Vinyals, Oriol},
  journal={arXiv preprint arXiv:1611.03530},
  year={2016}
}

@article{williams1989learning,
  title={A learning algorithm for continually running fully recurrent neural networks},
  author={Williams, Ronald J and Zipser, David},
  journal={Neural computation},
  volume={1},
  number={2},
  pages={270--280},
  year={1989},
  publisher={MIT Press One Rogers Street, Cambridge, MA 02142-1209, USA journals-info~…}
}

@article{lecun2022path,
  title={A path towards autonomous machine intelligence version 0.9. 2, 2022-06-27},
  author={LeCun, Yann},
  journal={Open Review},
  volume={62},
  number={1},
  year={2022}
}

@article{chomsky1965aspects,
  title={Aspects of the Theory of Syntax},
  author={Chomsky, Noam},
  year={1965}
}

@inproceedings{lample-etal-2018-phrase,
    title = "Phrase-Based {\&} Neural Unsupervised Machine Translation",
    author = "Lample, Guillaume  and
      Ott, Myle  and
      Conneau, Alexis  and
      Denoyer, Ludovic  and
      Ranzato, Marc{'}Aurelio",
    editor = "Riloff, Ellen  and
      Chiang, David  and
      Hockenmaier, Julia  and
      Tsujii, Jun{'}ichi",
    booktitle = "Proceedings of the 2018 Conference on Empirical Methods in Natural Language Processing",
    month = oct # "-" # nov,
    year = "2018",
    address = "Brussels, Belgium",
    publisher = "Association for Computational Linguistics"
}

@article{shepard1980multidimensional,
  title={Multidimensional scaling, tree-fitting, and clustering},
  author={Shepard, Roger N},
  journal={Science},
  volume={210},
  number={4468},
  pages={390--398},
  year={1980},
  publisher={American Association for the Advancement of Science}
}

@misc{sucholutsky2023getting,
      title={Getting aligned on representational alignment}, 
      author={Ilia Sucholutsky and Lukas Muttenthaler and Adrian Weller and Andi Peng and Andreea Bobu and Been Kim and Bradley C. Love and Erin Grant and Iris Groen and Jascha Achterberg and Joshua B. Tenenbaum and Katherine M. Collins and Katherine L. Hermann and Kerem Oktar and Klaus Greff and Martin N. Hebart and Nori Jacoby and Qiuyi Zhang and Raja Marjieh and Robert Geirhos and Sherol Chen and Simon Kornblith and Sunayana Rane and Talia Konkle and Thomas P. O'Connell and Thomas Unterthiner and Andrew K. Lampinen and Klaus-Robert Müller and Mariya Toneva and Thomas L. Griffiths},
      year={2023},
      eprint={2310.13018},
      archivePrefix={arXiv},
      primaryClass={q-bio.NC}
}

@article{hall2022systematic,
  title={A systematic study of bias amplification},
  author={Hall, Melissa and van der Maaten, Laurens and Gustafson, Laura and Jones, Maxwell and Adcock, Aaron},
  journal={arXiv preprint arXiv:2201.11706},
  year={2022}
}

@article{plato_cave,
  title={Republic},
  author={Plato},
  year={c. 375 BC}
}

@article{luo2023readout,
  title={Readout Guidance: Learning Control from Diffusion Features},
  author={Luo, Grace and Darrell, Trevor and Wang, Oliver and Goldman, Dan B and Holynski, Aleksander},
  journal={arXiv preprint arXiv:2312.02150},
  year={2023}
}

@article{li2015convergent,
  title={Convergent learning: Do different neural networks learn the same representations?},
  author={Li, Yixuan and Yosinski, Jason and Clune, Jeff and Lipson, Hod and Hopcroft, John},
  journal={arXiv preprint arXiv:1511.07543},
  year={2015}
}

@misc{ngo2024language,
      title={What Do Language Models Hear? Probing for Auditory Representations in Language Models}, 
      author={Jerry Ngo and Yoon Kim},
      year={2024},
      eprint={2402.16998},
      archivePrefix={arXiv},
      primaryClass={cs.CL}
}

@article{richens2024robust,
      title={Robust agents learn causal world models}, 
      author={Jonathan Richens and Tom Everitt},
      journal={ICLR},
      year={2024}
}

@book{diamond1998guns,
  title={Guns, germs and steel: a short history of everybody for the last 13,000 years},
  author={Diamond, Jared M},
  year={1998},
  publisher={Vintage London}
}

@article{schrimpf2018brain,
  title={Brain-score: Which artificial neural network for object recognition is most brain-like?},
  author={Schrimpf, Martin and Kubilius, Jonas and Hong, Ha and Majaj, Najib J and Rajalingham, Rishi and Issa, Elias B and Kar, Kohitij and Bashivan, Pouya and Prescott-Roy, Jonathan and Geiger, Franziska and others},
  journal={BioRxiv},
  pages={407007},
  year={2018},
  publisher={Cold Spring Harbor Laboratory}
}

@inproceedings{sharma2024vision,
    title={A Vision Check-up for Language Models},
    author={Sharma, Pratyusha and Rott Shaham, Tamar and Baradad, Manel and Fu, Stephanie and Rodriguez-Munoz, Adrian and Duggal, Shivam and Isola, Phillip and Torralba, Antonio},
    booktitle={arXiv preprint},
    year={2024}
}

@article{conwell2022can,
  title={What can 1.8 billion regressions tell us about the pressures shaping high-level visual representation in brains and machines?},
  author={Conwell, Colin and Prince, Jacob S and Kay, Kendrick N and Alvarez, George A and Konkle, Talia},
  journal={BioRxiv},
  pages={2022--03},
  year={2022},
  publisher={Cold Spring Harbor Laboratory}
}

@inproceedings{crisp_boundaries,
   author="Phillip Isola and Daniel Zoran and Dilip Krishnan and Edward H. Adelson",
   title="Crisp Boundary Detection Using Pointwise Mutual Information", 
   booktitle="ECCV", 
   year="2014"
}

@inproceedings{isola_cooc,
   author="Phillip Isola and Daniel Zoran and Dilip Krishnan and Edward H. Adelson",
   title="Learning Visual Groups From Co-occurrences in Space and Time", 
   booktitle="ICLR, Workshop paper", 
   year="2016"
}

@inproceedings{isola_thesis,
   author="Phillip Isola",
   title="The Discovery of Perceptual Structure from Visual Co-occurrences in Space and Time", 
   booktitle="MIT Ph.D. Thesis", 
   year="2015"
}

@article{levy2014neural,
  title={Neural word embedding as implicit matrix factorization},
  author={Levy, Omer and Goldberg, Yoav},
  journal={Advances in neural information processing systems},
  volume={27},
  year={2014}
}

@inproceedings{chambers2008unsupervised,
  title={Unsupervised learning of narrative event chains},
  author={Chambers, Nathanael and Jurafsky, Dan},
  booktitle={Proceedings of ACL-08: HLT},
  pages={789--797},
  year={2008}
}

@article{soatto2014visual, title={Visual representations: Defining properties and deep approximations}, author={Soatto, Stefano and Chiuso, Alessandro}, journal={ICLR}, year={2016} }

@article{held2011newly,
  title={The newly sighted fail to match seen with felt},
  author={Held, Richard and Ostrovsky, Yuri and de Gelder, Beatrice and Gandhi, Tapan and Ganesh, Suma and Mathur, Umang and Sinha, Pawan},
  journal={Nature neuroscience},
  volume={14},
  number={5},
  pages={551--553},
  year={2011},
  publisher={Nature Publishing Group}
}

@book{locke_molyneaux,
    title={An Essay Concerning Human Understanding},
    author={John Locke},
    year={1690}
}

@misc{urbanek2023picture,
      title={A Picture is Worth More Than 77 Text Tokens: Evaluating {CLIP}-Style Models on Dense Captions}, 
      author={Jack Urbanek and Florian Bordes and Pietro Astolfi and Mary Williamson and Vasu Sharma and Adriana Romero-Soriano},
      year={2023},
      eprint={2312.08578},
      archivePrefix={arXiv},
      primaryClass={cs.CV}
}


@misc{meta2024llama3,
    title = {{Meta LLaMA 3}},
    author = {{Meta}},
    year = {2024},
    url = {https://ai.meta.com/blog/meta-llama-3/}
}


@inproceedings{zellers2019hellaswag,
    title = "{H}ella{S}wag: Can a Machine Really Finish Your Sentence?",
    author = "Zellers, Rowan  and
      Holtzman, Ari  and
      Bisk, Yonatan  and
      Farhadi, Ali  and
      Choi, Yejin",
    editor = "Korhonen, Anna  and
      Traum, David  and
      M{\`a}rquez, Llu{\'\i}s",
    booktitle = "Proceedings of the 57th Annual Meeting of the Association for Computational Linguistics",
    month = jul,
    year = "2019",
    address = "Florence, Italy",
    publisher = "Association for Computational Linguistics",
    url = "https://aclanthology.org/P19-1472",
    doi = "10.18653/v1/P19-1472",
    pages = "4791--4800",
}

@article{cobbe2021gsm8k,
  title={Training Verifiers to Solve Math Word Problems},
  author={Cobbe, Karl and Kosaraju, Vineet and Bavarian, Mohammad and Chen, Mark and Jun, Heewoo and Kaiser, Lukasz and Plappert, Matthias and Tworek, Jerry and Hilton, Jacob and Nakano, Reiichiro and Hesse, Christopher and Schulman, John},
  journal={arXiv preprint arXiv:2110.14168},
  year={2021}
}

@misc{Gokaslan2019OpenWeb,  
	title={OpenWebText Corpus},
	author={Aaron Gokaslan and Vanya Cohen},
	howpublished={\url{http://Skylion007.github.io/OpenWebTextCorpus}}, 
	year={2019}
}

@misc{oquab2023dinov2,
  title={DINOv2: Learning Robust Visual Features without Supervision},
  author={Oquab, Maxime and Darcet, Timothée and Moutakanni, Theo and Vo, Huy V. and Szafraniec, Marc and Khalidov, Vasil and Fernandez, Pierre and Haziza, Daniel and Massa, Francisco and El-Nouby, Alaaeldin and Howes, Russell and Huang, Po-Yao and Xu, Hu and Sharma, Vasu and Li, Shang-Wen and Galuba, Wojciech and Rabbat, Mike and Assran, Mido and Ballas, Nicolas and Synnaeve, Gabriel and Misra, Ishan and Jegou, Herve and Mairal, Julien and Labatut, Patrick and Joulin, Armand and Bojanowski, Piotr},
  journal={arXiv:2304.07193},
  year={2023}
}

@article{song2012feature,
  title={Feature Selection via Dependence Maximization.},
  author={Song, Le and Smola, Alex and Gretton, Arthur and Bedo, Justin and Borgwardt, Karsten},
  journal={Journal of Machine Learning Research},
  volume={13},
  number={5},
  year={2012}
}

@book{tolstoy1877anna,
title={Anna Karenina},
author={Tolstoy, Leo},
year={1877},
publisher={The Russian Messenger}
}

@inproceedings{zhang2018unreasonable,
  title={The unreasonable effectiveness of deep features as a perceptual metric},
  author={Zhang, Richard and Isola, Phillip and Efros, Alexei A and Shechtman, Eli and Wang, Oliver},
  booktitle={Proceedings of the IEEE conference on computer vision and pattern recognition},
  pages={586--595},
  year={2018}
}

@inproceedings{lubana2023mechanistic,
  title={Mechanistic mode connectivity},
  author={Lubana, Ekdeep Singh and Bigelow, Eric J and Dick, Robert P and Krueger, David and Tanaka, Hidenori},
  booktitle={International Conference on Machine Learning},
  pages={22965--23004},
  year={2023},
  organization={PMLR}
}


@inproceedings{maniparambil2024vision,
  title={Do Vision and Language Encoders Represent the World Similarly?},
  author={Maniparambil, Mayug and Akshulakov, Raiymbek and Djilali, Yasser Abdelaziz Dahou and El Amine Seddik, Mohamed and Narayan, Sanath and Mangalam, Karttikeya and O'Connor, Noel E},
  booktitle={Proceedings of the IEEE/CVF Conference on Computer Vision and Pattern Recognition},
  pages={14334--14343},
  year={2024}
}

@article{sorscher2022neural,
  title={Neural representational geometry underlies few-shot concept learning},
  author={Sorscher, Ben and Ganguli, Surya and Sompolinsky, Haim},
  journal={Proceedings of the National Academy of Sciences},
  volume={119},
  number={43},
  pages={e2200800119},
  year={2022},
  publisher={National Acad Sciences}
}

@article{antonello2024predictive,
  title={Predictive coding or just feature discovery? An alternative account of why language models fit brain data},
  author={Antonello, Richard and Huth, Alexander},
  journal={Neurobiology of Language},
  volume={5},
  number={1},
  pages={64--79},
  year={2024},
  publisher={MIT Press One Broadway, 12th Floor, Cambridge, Massachusetts 02142, USA~…}
}