%%%%%%%%%%%%%%%%%%%%%%%%%%%%%%%%%%%%%%%%%%%%%%
FDA (Functional Regression)
@article{yuan2010reproducing,
  title={A reproducing kernel {H}ilbert space approach to functional linear regression},
  author={Yuan, Ming and Cai, T Tony},
  journal={The Annals of Statistics},
  volume={38},
  number={6},
  pages={3412--3444},
  year={2010}
}

@article{cai2012minimax,
  title={Minimax and adaptive prediction for functional linear regression},
  author={Cai, T Tony and Yuan, Ming},
  journal={Journal of the American Statistical Association},
  volume={107},
  number={499},
  pages={1201--1216},
  year={2012},
  publisher={Taylor \& Francis}
}

@article{shang2015nonparametric,
  title={Nonparametric inference in generalized functional linear models},
  author={Shang, Zuofeng and Cheng, Guang},
  journal={The Annals of Statistics},
  volume={43},
  number={4},
  pages={1742--1773},
  year={2015}
}

@article{balasubramanian2022unified,
  title={Unified {RKHS} methodology and analysis for functional linear and single-index models},
  author={Balasubramanian, Krishnakumar and M{\"u}ller, Hans-Georg and Sriperumbudur, Bharath K},
  journal={arXiv preprint arXiv:2206.03975},
  year={2022}
}

@article{morris2015functional,
  title={Functional regression},
  author={Morris, Jeffrey S},
  journal={Annual Review of Statistics and its Application},
  volume={2},
  pages={321--359},
  year={2015},
  publisher={Annual Reviews}
}

@article{wang2016functional,
  title={Functional data analysis},
  author={Wang, Jane-Ling and Chiou, Jeng-Min and M{\"u}ller, Hans-Georg},
  journal={Annual Review of Statistics and its application},
  volume={3},
  pages={257--295},
  year={2016},
  publisher={Annual Reviews}
}

@article{chen2011single,
  title={Single and multiple index functional regression models with nonparametric link},
  author={Chen, Dong and Hall, Peter and M{\"u}ller, Hans-Georg},
  journal={The Annals of Statistics},
  volume={39},
  number={3},
  pages={1720--1747},
  year={2011}
}

@article{greven2017general,
  title={A general framework for functional regression modelling},
  author={Greven, Sonja and Scheipl, Fabian},
  journal={Statistical Modelling},
  volume={17},
  number={1-2},
  pages={1--35},
  year={2017},
  publisher={Sage Publications Sage India: New Delhi, India}
} 

@article{muller2005generalized,
  title={Generalized functional linear models},
  author={Muller, HG and Stadtm{\"u}ller, Ulrich},
  journal={The Annals of Statistics},
  volume={33},
  number={2},
  pages={774--805},
  year={2005},
  publisher={Universit{\"a}t Ulm}
}

@article{carey1998relationship,
  title={Relationship of age patterns of fecundity to mortality, longevity, and lifetime reproduction in a large cohort of Mediterranean fruit fly females},
  author={Carey, James R and Liedo, Pablo and M{\"u}ller, Hans-Georg and Wang, Jane-Ling and Chiou, Jeng-Min},
  journal={The Journals of Gerontology Series A: Biological Sciences and Medical Sciences},
  volume={53},
  number={4},
  pages={B245--B251},
  year={1998},
  publisher={The Gerontological Society of America}
}


@article{micchelli2006universal,
  title={Universal Kernels.},
  author={Micchelli, Charles A and Xu, Yuesheng and Zhang, Haizhang},
  journal={The Journal of Machine Learning Research},
  volume={7},
  number={12},
  year={2006}
}

@inproceedings{yao2021deep,
  title={Deep learning for functional data analysis with adaptive basis layers},
  author={Yao, Junwen and Mueller, Jonas and Wang, Jane-Ling},
  booktitle={International Conference on Machine Learning (ICML)},
  pages={11898--11908},
  year={2021},
  organization={PMLR}
}

@article{yao2005functional,
  title={Functional data analysis for sparse longitudinal data},
  author={Yao, Fang and M{\"u}ller, Hans-Georg and Wang, Jane-Ling},
  journal={Journal of the American Statistical Association},
  volume={100},
  number={470},
  pages={577--590},
  year={2005},
  publisher={Taylor \& Francis}
}

@article{chiou2012dynamical,
  title={DYNAMICAL FUNCTIONAL PREDICTION AND CLASSIFICATION, WITH APPLICATION TO TRAFFIC FLOW PREDICTION},
  author={Chiou, Jeng-Min},
  journal={The Annals of Applied Statistics},
  pages={1588--1614},
  year={2012},
  publisher={JSTOR}
}

@article{leng2006classification,
  title={Classification using functional data analysis for temporal gene expression data},
  author={Leng, Xiaoyan and M{\"u}ller, Hans-Georg},
  journal={Bioinformatics},
  volume={22},
  number={1},
  pages={68--76},
  year={2006},
  publisher={Oxford University Press}
}
%%%%%%%%%%%%%%%%%%%%%%%%%%%%%%%%%%%%%%%%%%%%%%%%%%%%%%%%%%%%%%%%%%%%%
@article{szabo2016learning,
  title={Learning theory for distribution regression},
  author={Szab{\'o}, Zolt{\'a}n and Sriperumbudur, Bharath K and P{\'o}czos, Barnab{\'a}s and Gretton, Arthur},
  journal={The Journal of Machine Learning Research},
  volume={17},
  number={1},
  pages={5272--5311},
  year={2016},
  publisher={JMLR. org}
}

@article{yarotsky2017error,
  title={Error bounds for approximations with deep {ReLU} networks},
  author={Yarotsky, Dmitry},
  journal={Neural Networks},
  volume={94},
  pages={103--114},
  year={2017},
  publisher={Elsevier}
}

@article{hochreiter1997long,
  title={Long short-term memory},
  author={Hochreiter, Sepp and Schmidhuber, J{\"u}rgen},
  journal={Neural Computation},
  volume={9},
  number={8},
  pages={1735--1780},
  year={1997},
  publisher={MIT press}
}

@inproceedings{cho2014learning,
  title={Learning phrase representations using {RNN} encoder-decoder for statistical machine translation},
  author={Cho, Kyunghyun and van Merrienboer, B and Gulcehre, Caglar and Bougares, F and Schwenk, H and Bengio, Yoshua},
  booktitle={Conference on Empirical Methods in Natural Language Processing (EMNLP)},
  year={2014}
}

@article{raissi2019physics,
  title={Physics-informed neural networks: A deep learning framework for solving forward and inverse problems involving nonlinear partial differential equations},
  author={Raissi, Maziar and Perdikaris, Paris and Karniadakis, George E},
  journal={Journal of Computational physics},
  volume={378},
  pages={686--707},
  year={2019},
  publisher={Elsevier}
}

@article{wang2021learning,
  title={Learning the solution operator of parametric partial differential equations with physics-informed {DeepONets}},
  author={Wang, Sifan and Wang, Hanwen and Perdikaris, Paris},
  journal={Science advances},
  volume={7},
  number={40},
  pages={eabi8605},
  year={2021},
  publisher={American Association for the Advancement of Science}
}

@article{kovachki2021universal,
  title={On universal approximation and error bounds for {F}ourier {N}eural {O}perators},
  author={Kovachki, Nikola and Lanthaler, Samuel and Mishra, Siddhartha},
  journal={The Journal of Machine Learning Research},
  volume={22},
  number={1},
  pages={13237--13312},
  year={2021},
  publisher={JMLRORG}
}

@article{lanthaler2022error,
  title={Error estimates for {DeepONets}: A deep learning framework in infinite dimensions},
  author={Lanthaler, Samuel and Mishra, Siddhartha and Karniadakis, George E},
  journal={Transactions of Mathematics and Its Applications},
  volume={6},
  number={1},
  pages={tnac001},
  year={2022},
  publisher={Oxford University Press}
}

@article{li2020fourier,
  title={{F}ourier {N}eural {O}perator for parametric partial differential equations},
  author={Li, Zongyi and Kovachki, Nikola and Azizzadenesheli, Kamyar and Liu, Burigede and Bhattacharya, Kaushik and Stuart, Andrew and Anandkumar, Anima},
  journal={The International Conference on Learning Representations (ICLR)},
  year={2021}
}

@article{raonić2023convolutional,
      title={Convolutional Neural Operators for robust and accurate learning of PDEs}, 
      author={Bogdan Raonić and Roberto Molinaro and Tim De Ryck and Tobias Rohner and Francesca Bartolucci and Rima Alaifari and Siddhartha Mishra and Emmanuel de Bézenac},
     journal={Neurips},
      year={2023},
}

@article{de2021approximation,
  title={On the approximation of functions by tanh neural networks},
  author={De Ryck, Tim and Lanthaler, Samuel and Mishra, Siddhartha},
  journal={Neural Networks},
  volume={143},
  pages={732--750},
  year={2021},
  publisher={Elsevier}
}

@article{lu2018collapse,
  title={Collapse of deep and narrow neural nets},
  author={Lu, Lu and Su, Yanhui and Karniadakis, George Em},
  journal={arXiv preprint arXiv:1808.04947},
  year={2018}
}

@article{guhring2021approximation,
  title={Approximation rates for neural networks with encodable weights in smoothness spaces},
  author={G{\"u}hring, Ingo and Raslan, Mones},
  journal={Neural Networks},
  volume={134},
  pages={107--130},
  year={2021},
  publisher={Elsevier}
}

@article{fasshauer2005meshfree,
  title={{M}eshfree {M}ethods},
  author={Fasshauer, GE},
  journal={Handbook of theoretical and computational nanotechnology},
  volume={27},
  pages={33--97},
  year={2005},
  publisher={American Scientific Publishers Valencia, CA, USA}
}

@article{lu2021learning,
  title={Learning nonlinear operators via {DeepONet} based on the universal approximation theorem of operators},
  author={Lu, Lu and Jin, Pengzhan and Pang, Guofei and Zhang, Zhongqiang and Karniadakis, George Em},
  journal={Nature Machine Intelligence},
  volume={3},
  number={3},
  pages={218--229},
  year={2021},
  publisher={Nature Publishing Group UK London}
}

@article{schaback1997reconstruction,
  title={Reconstruction of multivariate functions from scattered data},
  author={Schaback, Robert},
  year={1997},
  journal={Unpublished manuscript}
}

@article{novak2018reproducing,
  title={Reproducing kernels of {S}obolev {S}paces on $\mathbb{R}^d$ and applications to embedding constants and tractability},
  author={Novak, Erich and Ullrich, Mario and Wo{\'z}niakowski, Henryk and Zhang, Shun},
  journal={Analysis and Applications},
  volume={16},
  number={05},
  pages={693--715},
  year={2018},
  publisher={World Scientific}
}

@book{brezis2011functional,
  title={{Functional Analysis, Sobolev Spaces and Partial Differential Equations}},
  author={Brezis, Haim and Br{\'e}zis, Haim},
  volume={2},
  number={3},
  year={2011},
  publisher={Springer}
}

@article{schaback2006kernel,
  title={Kernel techniques: from machine learning to meshless methods},
  author={Schaback, Robert and Wendland, Holger},
  journal={Acta numerica},
  volume={15},
  pages={543--639},
  year={2006},
  publisher={Cambridge University Press}
}

@article{tolstikhin2017minimax,
  title={Minimax estimation of kernel mean embeddings},
  author={Tolstikhin, Ilya and Sriperumbudur, Bharath K and Muandet, Krikamol},
  journal={The Journal of Machine Learning Research},
  volume={18},
  number={1},
  pages={3002--3048},
  year={2017},
  publisher={JMLR. org}
}

@article{bozzini2015radial,
  title={Radial kernels via scale derivatives},
  author={Bozzini, Mira and Rossini, Milvia and Schaback, Robert and Volont{\`e}, Elena},
  journal={Advances in Computational Mathematics},
  volume={41},
  pages={277--291},
  year={2015},
  publisher={Springer}
}

@article{pazouki2011bases,
  title={Bases for kernel-based spaces},
  author={Pazouki, Maryam and Schaback, Robert},
  journal={Journal of Computational and Applied Mathematics},
  volume={236},
  number={4},
  pages={575--588},
  year={2011},
  publisher={Elsevier}
}

@article{kanagawa2018gaussian,
  title={Gaussian processes and kernel methods: A review on connections and equivalences},
  author={Kanagawa, Motonobu and Hennig, Philipp and Sejdinovic, Dino and Sriperumbudur, Bharath K},
  journal={arXiv preprint arXiv:1807.02582},
  year={2018}
}

@article{aronszajn1950theory,
  title={{Theory of Reproducing Kernels}},
  author={Aronszajn, Nachman},
  journal={Transactions of the American Mathematical Society},
  volume={68},
  number={3},
  pages={337--404},
  year={1950}
}

@article{cybenko1989approximation,
  title={Approximation by superpositions of a sigmoidal function},
  author={Cybenko, George},
  journal={Mathematics of control, signals and systems},
  volume={2},
  number={4},
  pages={303--314},
  year={1989},
  publisher={Springer}
}

@article{gin2021deepgreen,
  title={{DeepGreen}: deep learning of {G}reen’s functions for nonlinear boundary value problems},
  author={Gin, Craig R and Shea, Daniel E and Brunton, Steven L and Kutz, J Nathan},
  journal={Scientific reports},
  volume={11},
  number={1},
  pages={21614},
  year={2021},
  publisher={Nature Publishing Group UK London}
}

@article{liu2022deep,
  title={Deep nonparametric estimation of operators between infinite dimensional spaces},
  author={Liu, Hao and Yang, Haizhao and Chen, Minshuo and Zhao, Tuo and Liao, Wenjing},
  journal={The Journal of Machine Learning Research},
  volume={25},
 pages={1--67},
  year={2024}
}

@book{wainwright2019high,
  title={{High-Dimensional Statistics: A Non-Asymptotic Viewpoint}},
  author={Wainwright, Martin J},
  volume={48},
  year={2019},
  publisher={Cambridge university press}
}
%%%%%%%%%%%%%%%%%%%%%%%%%%%%%%%%%%%%%%%%%%%%%%
%%%%%%%%%%%%%%%%Functional NN%%%%%%%%%%%%%%%%%%%%%%%
@article{chen1995universal,
  title={Universal approximation to nonlinear operators by neural networks with arbitrary activation functions and its application to dynamical systems},
  author={Chen, Tianping and Chen, Hong},
  journal={IEEE Transactions on Neural Networks},
  volume={6},
  number={4},
  pages={911--917},
  year={1995},
  publisher={IEEE}
}
@article{mhaskar1997neural,
  title={Neural networks for functional approximation and system identification},
  author={Mhaskar, Hrushikesh Narhar and Hahm, Nahmwoo},
  journal={Neural Computation},
  volume={9},
  number={1},
  pages={143--159},
  year={1997},
  publisher={MIT Press One Rogers Street, Cambridge, MA 02142-1209, USA journals-info~…}
}

@article{stinchcombe1999neural,
  title={Neural network approximation of continuous functionals and continuous functions on compactifications},
  author={Stinchcombe, Maxwell B},
  journal={Neural Networks},
  volume={12},
  number={3},
  pages={467--477},
  year={1999},
  publisher={Elsevier}
}

@article{rossi2005functional,
  title={Functional {Multi-Layer Perceptron}: a non-linear tool for functional data analysis},
  author={Rossi, Fabrice and Conan-Guez, Brieuc},
  journal={Neural networks},
  volume={18},
  number={1},
  pages={45--60},
  year={2005},
  publisher={Elsevier}
}

@article{thind2023deep,
  title={Deep learning with functional inputs},
  author={Thind, Barinder and Multani, Kevin and Cao, Jiguo},
  journal={Journal of Computational and Graphical Statistics},
  volume={32},
  number={1},
  pages={171--180},
  year={2023},
  publisher={Taylor \& Francis}
}

@article{song2023approximationarxiv,
  title={Approximation of nonlinear functionals using deep {ReLU} networks},
  author={Song, Linhao and Fan, Jun and Chen, Di-Rong and Zhou, Ding-Xuan},
  journal={Journal of Fourier Analysis and Applications},
  volume={29},
  number={50},
  year={2023}
}

@article{song2023approximation,
  title={Approximation of smooth functionals using deep {ReLU} networks},
  author={Song, Linhao and Liu, Ying and Fan, Jun and Zhou, Ding-Xuan},
  journal={Neural Networks},
  volume={166},
  pages={424--436},
  year={2023},
  publisher={Elsevier}
}

@article{suh2024survey,
  title={A Survey on Statistical Theory of Deep Learning: Approximation, Training Dynamics, and Generative Models},
  author={Suh, Namjoon and Cheng, Guang},
  journal={{Invited for review in} Annual Review of Statistics and its Application},
  year={2024}
}