# Attention sinks
@article{gu2024attention,
  title={When Attention Sink Emerges in Language Models: An Empirical View},
  author={Gu, Xiangming and Pang, Tianyu and Du, Chao and Liu, Qian and Zhang, Fengzhuo and Du, Cunxiao and Wang, Ye and Lin, Min},
  journal={arXiv preprint arXiv:2410.10781},
  year={2024}
}


@article{son2024prefixing,
  title={Prefixing Attention Sinks can Mitigate Activation Outliers for Large Language Model Quantization},
  author={Son, Seungwoo and Park, Wonpyo and Han, Woohyun and Kim, Kyuyeun and Lee, Jaeho},
  journal={arXiv preprint arXiv:2406.12016},
  year={2024}
}


@article{yu2024unveiling,
  title={Unveiling and Harnessing Hidden Attention Sinks: Enhancing Large Language Models without Training through Attention Calibration},
  author={Yu, Zhongzhi and Wang, Zheng and Fu, Yonggan and Shi, Huihong and Shaikh, Khalid and Lin, Yingyan Celine},
  journal={arXiv preprint arXiv:2406.15765},
  year={2024}
}


@article{gurnee2024universal,
  title={Universal neurons in {GPT2} language models},
  author={Gurnee, Wes and Horsley, Theo and Guo, Zifan Carl and Kheirkhah, Tara Rezaei and Sun, Qinyi and Hathaway, Will and Nanda, Neel and Bertsimas, Dimitris},
  journal={arXiv preprint arXiv:2401.12181},
  year={2024}
}


@article{dettmers2022gpt3,
  title={{LLM.int8()}: 8-bit matrix multiplication for transformers at scale},
  author={Dettmers, Tim and Lewis, Mike and Belkada, Younes and Zettlemoyer, Luke},
  journal={Advances in Neural Information Processing Systems},
  volume={35},
  pages={30318--30332},
  year={2022}
}

@article{elhage2023privileged,
  title={Privileged bases in the transformer residual stream},
  author={Elhage, Nelson and Lasenby, Robert and Olah, Christopher},
  journal={Transformer Circuits Thread},
  year={2023}
}

@article{zhang2022unveiling,
  title={Unveiling transformers with {LEGO}: A synthetic reasoning task},
  author={Zhang, Yi and Backurs, Arturs and Bubeck, S{\'e}bastien and Eldan, Ronen and Gunasekar, Suriya and Wagner, Tal},
  journal={arXiv preprint arXiv:2206.04301},
  year={2022}
}



@article{liu2022towards,
  title={Towards understanding grokking: An effective theory of representation learning},
  author={Liu, Ziming and Kitouni, Ouail and Nolte, Niklas S and Michaud, Eric and Tegmark, Max and Williams, Mike},
  journal={Advances in Neural Information Processing Systems},
  volume={35},
  pages={34651--34663},
  year={2022}
}


@article{zhu2023physics,
  title={Physics of language models: {P}art 3.1, Knowledge storage and extraction},
  author={Zhu, Zeyuan Allen and Li, Yuanzhi},
  journal={arXiv preprint arXiv:2309.14316},
  year={2023}
}

@article{guo2023transformers,
  title={How do transformers learn in-context beyond simple functions? {A} case study on learning with representations},
  author={Guo, Tianyu and Hu, Wei and Mei, Song and Wang, Huan and Xiong, Caiming and Savarese, Silvio and Bai, Yu},
  journal={arXiv preprint arXiv:2310.10616},
  year={2023}
}


@article{allen2023physics,
  title={Physics of language models: {P}art 1, context-free grammar},
  author={Allen-Zhu, Zeyuan and Li, Yuanzhi},
  journal={arXiv preprint arXiv:2305.13673},
  year={2023}
}

@article{charton2022my,
  title={What is my math transformer doing? {T}hree results on interpretability and generalization},
  author={Charton, Fran{\c{c}}ois},
  journal={arXiv preprint arXiv:2211.00170},
  year={2022}
}


@article{todd2023function,
  title={Function vectors in large language models},
  author={Todd, Eric and Li, Millicent L and Sharma, Arnab Sen and Mueller, Aaron and Wallace, Byron C and Bau, David},
  journal={arXiv preprint arXiv:2310.15213},
  year={2023}
}


@article{nanda2023progress,
  title={Progress measures for grokking via mechanistic interpretability},
  author={Nanda, Neel and Chan, Lawrence and Lieberum, Tom and Smith, Jess and Steinhardt, Jacob},
  journal={arXiv preprint arXiv:2301.05217},
  year={2023}
}


@article{meng2022locating,
  title={Locating and editing factual associations in GPT},
  author={Meng, Kevin and Bau, David and Andonian, Alex and Belinkov, Yonatan},
  journal={Advances in Neural Information Processing Systems},
  volume={35},
  pages={17359--17372},
  year={2022}
}

@article{geva2023dissecting,
  title={Dissecting recall of factual associations in auto-regressive language models},
  author={Geva, Mor and Bastings, Jasmijn and Filippova, Katja and Globerson, Amir},
  journal={arXiv preprint arXiv:2304.14767},
  year={2023}
}


@article{chen2024image,
  title={An Image is Worth 1/2 Tokens After Layer 2: Plug-and-Play Inference Acceleration for Large Vision-Language Models},
  author={Chen, Liang and Zhao, Haozhe and Liu, Tianyu and Bai, Shuai and Lin, Junyang and Zhou, Chang and Chang, Baobao},
  journal={arXiv preprint arXiv:2403.06764},
  year={2024}
}

@article{liu2024intactkv,
  title={IntactKV: Improving Large Language Model Quantization by Keeping Pivot Tokens Intact},
  author={Liu, Ruikang and Bai, Haoli and Lin, Haokun and Li, Yuening and Gao, Han and Xu, Zhengzhuo and Hou, Lu and Yao, Jun and Yuan, Chun},
  journal={arXiv preprint arXiv:2403.01241},
  year={2024}
}


@article{feng2023language,
  title={How do language models bind entities in context?},
  author={Feng, Jiahai and Steinhardt, Jacob},
  journal={arXiv preprint arXiv:2310.17191},
  year={2023}
}



@article{wang2022interpretability,
  title={Interpretability in the wild: a circuit for indirect object identification in {GPT}-2 small},
  author={Wang, Kevin and Variengien, Alexandre and Conmy, Arthur and Shlegeris, Buck and Steinhardt, Jacob},
  journal={arXiv preprint arXiv:2211.00593},
  year={2022}
}


@article{olsson2022context,
  title={In-context learning and induction heads},
  author={Olsson, Catherine and Elhage, Nelson and Nanda, Neel and Joseph, Nicholas and DasSarma, Nova and Henighan, Tom and Mann, Ben and Askell, Amanda and Bai, Yuntao and Chen, Anna and others},
  journal={arXiv preprint arXiv:2209.11895},
  year={2022}
}



@article{elhage2021mathematical,
  title={A mathematical framework for transformer circuits},
  author={Elhage, Nelson and Nanda, Neel and Olsson, Catherine and Henighan, Tom and Joseph, Nicholas and Mann, Ben and Askell, Amanda and Bai, Yuntao and Chen, Anna and Conerly, Tom and others},
  journal={Transformer Circuits Thread},
  volume={1},
  pages={1},
  year={2021}
}



@article{bietti2024birth,
  title={Birth of a transformer: A memory viewpoint},
  author={Bietti, Alberto and Cabannes, Vivien and Bouchacourt, Diane and Jegou, Herve and Bottou, Leon},
  journal={Advances in Neural Information Processing Systems},
  volume={36},
  year={2024}
}


@misc{block2023llm,
  title = {{LLM}s May Not Need Dense Self Attention},
  howpublished = {\url{https://medium.com/@buildingblocks/llms-may-not-need-dense-self-attention-1fa3bf47522e}},
  author={Building Blocks},
  year={2023},
  note = {Accessed: 2024-1-11}
}

@article{darcet2023vision,
  title={Vision transformers need registers},
  author={Darcet, Timoth{\'e}e and Oquab, Maxime and Mairal, Julien and Bojanowski, Piotr},
  journal={arXiv preprint arXiv:2309.16588},
  year={2023}
}

@article{fu2024attentionpattern,
  title   = {How Do Language Models put Attention Weights over Long Context?},
  author  = {Fu, Yao},
  journal = {Yao Fu’s Notion},
  year    = {2024},
  url     = {https://yaofu.notion.site/How-Do-Language-Models-put-Attention-Weights-over-Long-Context-10250219d5ce42e8b465087c383a034e?pvs=4},
}

@article{han2023lm,
  title={{LM-Infinite}: Simple on-the-fly length generalization for large language models},
  author={Han, Chi and Wang, Qifan and Xiong, Wenhan and Chen, Yu and Ji, Heng and Wang, Sinong},
  journal={arXiv preprint arXiv:2308.16137},
  year={2023}
}

@article{ramachandran2017searching,
  title={Searching for activation functions},
  author={Ramachandran, Prajit and Zoph, Barret and Le, Quoc V},
  journal={arXiv preprint arXiv:1710.05941},
  year={2017}
}

@article{shazeer2020glu,
  title={Glu variants improve transformer},
  author={Shazeer, Noam},
  journal={arXiv preprint arXiv:2002.05202},
  year={2020}
}

@article{sun2024massive,
  title={Massive Activations in Large Language Models},
  author={Sun, Mingjie and Chen, Xinlei and Kolter, J Zico and Liu, Zhuang},
  journal={arXiv preprint arXiv:2402.17762},
  year={2024}
}

@article{touvron2023llama,
  title={Llama 2: Open foundation and fine-tuned chat models},
  author={Touvron, Hugo and Martin, Louis and Stone, Kevin and Albert, Peter and Almahairi, Amjad and Babaei, Yasmine and Bashlykov, Nikolay and Batra, Soumya and Bhargava, Prajjwal and Bhosale, Shruti and others},
  journal={arXiv preprint arXiv:2307.09288},
  year={2023}
}

@article{xiao2023efficient,
  title={Efficient Streaming Language Models with Attention Sinks},
  author={Xiao, Guangxuan and Tian, Yuandong and Chen, Beidi and Han, Song and Lewis, Mike},
  journal={arXiv preprint arXiv:2309.17453},
  year={2023}
}


@inproceedings{zhai2023stabilizing,
  title={Stabilizing transformer training by preventing attention entropy collapse},
  author={Zhai, Shuangfei and Likhomanenko, Tatiana and Littwin, Etai and Busbridge, Dan and Ramapuram, Jason and Zhang, Yizhe and Gu, Jiatao and Susskind, Joshua M},
  booktitle={International Conference on Machine Learning},
  pages={40770--40803},
  year={2023},
  organization={PMLR}
}

@inproceedings{biderman2023pythia,
  title={Pythia: A suite for analyzing large language models across training and scaling},
  author={Biderman, Stella and Schoelkopf, Hailey and Anthony, Quentin Gregory and Bradley, Herbie and O’Brien, Kyle and Hallahan, Eric and Khan, Mohammad Aflah and Purohit, Shivanshu and Prashanth, USVSN Sai and Raff, Edward and others},
  booktitle={International Conference on Machine Learning},
  pages={2397--2430},
  year={2023},
  organization={PMLR}
}


@article{jiang2023mistral,
  title={Mistral 7B},
  author={Jiang, Albert Q and Sablayrolles, Alexandre and Mensch, Arthur and Bamford, Chris and Chaplot, Devendra Singh and Casas, Diego de las and Bressand, Florian and Lengyel, Gianna and Lample, Guillaume and Saulnier, Lucile and others},
  journal={arXiv preprint arXiv:2310.06825},
  year={2023}
}

@article{groeneveld2024olmo,
  title={Olmo: Accelerating the science of language models},
  author={Groeneveld, Dirk and Beltagy, Iz and Walsh, Pete and Bhagia, Akshita and Kinney, Rodney and Tafjord, Oyvind and Jha, Ananya Harsh and Ivison, Hamish and Magnusson, Ian and Wang, Yizhong and others},
  journal={arXiv preprint arXiv:2402.00838},
  year={2024}
}


@misc{eval-harness,
  author       = {Gao, Leo and Tow, Jonathan and Abbasi, Baber and Biderman, Stella and Black, Sid and DiPofi, Anthony and Foster, Charles and Golding, Laurence and Hsu, Jeffrey and Le Noac'h, Alain and Li, Haonan and McDonell, Kyle and Muennighoff, Niklas and Ociepa, Chris and Phang, Jason and Reynolds, Laria and Schoelkopf, Hailey and Skowron, Aviya and Sutawika, Lintang and Tang, Eric and Thite, Anish and Wang, Ben and Wang, Kevin and Zou, Andy},
  title        = {A framework for few-shot language model evaluation},
  month        = 12,
  year         = 2023,
  publisher    = {Zenodo},
  version      = {v0.4.0},
  doi          = {10.5281/zenodo.10256836},
  url          = {https://zenodo.org/records/10256836}
}

@article{raecompressive2019,
  author = {Rae, Jack W and Potapenko, Anna and Jayakumar, Siddhant M and
            Hillier, Chloe and Lillicrap, Timothy P},
  title = {Compressive Transformers for Long-Range Sequence Modelling},
  journal = {arXiv preprint},
  url = {https://arxiv.org/abs/1911.05507},
  year = {2019},
}

@article{zhang2024h2o,
  title={H2o: Heavy-hitter oracle for efficient generative inference of large language models},
  author={Zhang, Zhenyu and Sheng, Ying and Zhou, Tianyi and Chen, Tianlong and Zheng, Lianmin and Cai, Ruisi and Song, Zhao and Tian, Yuandong and R{\'e}, Christopher and Barrett, Clark and others},
  journal={Advances in Neural Information Processing Systems},
  volume={36},
  year={2024}
}


@article{dong2024get,
  title={Get More with {LESS}: Synthesizing Recurrence with {KV} Cache Compression for Efficient {LLM} Inference},
  author={Dong, Harry and Yang, Xinyu and Zhang, Zhenyu and Wang, Zhangyang and Chi, Yuejie and Chen, Beidi},
  journal={arXiv preprint arXiv:2402.09398},
  year={2024}
}

@article{su2024roformer,
  title={Roformer: Enhanced transformer with rotary position embedding},
  author={Su, Jianlin and Ahmed, Murtadha and Lu, Yu and Pan, Shengfeng and Bo, Wen and Liu, Yunfeng},
  journal={Neurocomputing},
  volume={568},
  pages={127063},
  year={2024},
  publisher={Elsevier}
}

@ONLINE{wikidump,
    author = "Wikimedia Foundation",
    title  = "Wikimedia Downloads",
    url    = "https://dumps.wikimedia.org"
}

@software{together2023redpajama,
  author = {Together Computer},
  title = {Red{P}ajama: An Open Source Recipe to Reproduce {Llama} training dataset},
  month = April,
  year = 2023,
  url = {https://github.com/togethercomputer/RedPajama-Data}
}

@article{dubey2024llama,
  title={The {Llama} 3 herd of models},
  author={Dubey, Abhimanyu and Jauhri, Abhinav and Pandey, Abhinav and Kadian, Abhishek and Al-Dahle, Ahmad and Letman, Aiesha and Mathur, Akhil and Schelten, Alan and Yang, Amy and Fan, Angela and others},
  journal={arXiv preprint arXiv:2407.21783},
  year={2024}
}

@article{soudry2018implicit,
  title={The implicit bias of gradient descent on separable data},
  author={Soudry, Daniel and Hoffer, Elad and Nacson, Mor Shpigel and Gunasekar, Suriya and Srebro, Nathan},
  journal={Journal of Machine Learning Research},
  volume={19},
  number={70},
  pages={1--57},
  year={2018}
}

@article{ji2018risk,
  title={Risk and parameter convergence of logistic regression},
  author={Ji, Ziwei and Telgarsky, Matus},
  journal={arXiv preprint arXiv:1803.07300},
  year={2018}
}

@article{soldaini2024dolma,
  title={Dolma: An open corpus of three trillion tokens for language model pretraining research},
  author={Soldaini, Luca and Kinney, Rodney and Bhagia, Akshita and Schwenk, Dustin and Atkinson, David and Authur, Russell and Bogin, Ben and Chandu, Khyathi and Dumas, Jennifer and Elazar, Yanai and others},
  journal={arXiv preprint arXiv:2402.00159},
  year={2024}
}

@article{tian2023scan,
  title={Scan and {S}nap: Understanding training dynamics and token composition in 1-layer transformer},
  author={Tian, Yuandong and Wang, Yiping and Chen, Beidi and Du, Simon S},
  journal={Advances in Neural Information Processing Systems},
  volume={36},
  pages={71911--71947},
  year={2023}
}


@article{brown2020language,
  title={Language models are few-shot learners},
  author={Brown, Tom B},
  journal={arXiv preprint arXiv:2005.14165},
  year={2020}
}
@article{guo2024attention,
  title={Attention Score is not All You Need for Token Importance Indicator in {KV} Cache Reduction: {V}alue Also Matters},
  author={Guo, Zhiyu and Kamigaito, Hidetaka and Watanabe, Taro},
  journal={arXiv preprint arXiv:2406.12335},
  year={2024}
}

@misc{dubey2024llama3herdmodels,
      title={The Llama 3 Herd of Models}, 
      author={Abhimanyu Dubey and Abhinav Jauhri and Abhinav Pandey and Abhishek Kadian and Ahmad Al-Dahle and Aiesha Letman and Akhil Mathur and Alan Schelten and Amy Yang and Angela Fan and Anirudh Goyal and Anthony Hartshorn and Aobo Yang and Archi Mitra and Archie Sravankumar and Artem Korenev and Arthur Hinsvark and Arun Rao and Aston Zhang and Aurelien Rodriguez and Austen Gregerson and Ava Spataru and Baptiste Roziere and Bethany Biron and Binh Tang and Bobbie Chern and Charlotte Caucheteux and Chaya Nayak and Chloe Bi and Chris Marra and Chris McConnell and Christian Keller and Christophe Touret and Chunyang Wu and Corinne Wong and Cristian Canton Ferrer and Cyrus Nikolaidis and Damien Allonsius and Daniel Song and Danielle Pintz and Danny Livshits and David Esiobu and Dhruv Choudhary and Dhruv Mahajan and Diego Garcia-Olano and Diego Perino and Dieuwke Hupkes and Egor Lakomkin and Ehab AlBadawy and Elina Lobanova and Emily Dinan and Eric Michael Smith and Filip Radenovic and Frank Zhang and Gabriel Synnaeve and Gabrielle Lee and Georgia Lewis Anderson and Graeme Nail and Gregoire Mialon and Guan Pang and Guillem Cucurell and Hailey Nguyen and Hannah Korevaar and Hu Xu and Hugo Touvron and Iliyan Zarov and Imanol Arrieta Ibarra and Isabel Kloumann and Ishan Misra and Ivan Evtimov and Jade Copet and Jaewon Lee and Jan Geffert and Jana Vranes and Jason Park and Jay Mahadeokar and Jeet Shah and Jelmer van der Linde and Jennifer Billock and Jenny Hong and Jenya Lee and Jeremy Fu and Jianfeng Chi and Jianyu Huang and Jiawen Liu and Jie Wang and Jiecao Yu and Joanna Bitton and Joe Spisak and Jongsoo Park and Joseph Rocca and Joshua Johnstun and Joshua Saxe and Junteng Jia and Kalyan Vasuden Alwala and Kartikeya Upasani and Kate Plawiak and Ke Li and Kenneth Heafield and Kevin Stone and Khalid El-Arini and Krithika Iyer and Kshitiz Malik and Kuenley Chiu and Kunal Bhalla and Lauren Rantala-Yeary and Laurens van der Maaten and Lawrence Chen and Liang Tan and Liz Jenkins and Louis Martin and Lovish Madaan and Lubo Malo and Lukas Blecher and Lukas Landzaat and Luke de Oliveira and Madeline Muzzi and Mahesh Pasupuleti and Mannat Singh and Manohar Paluri and Marcin Kardas and Mathew Oldham and Mathieu Rita and Maya Pavlova and Melanie Kambadur and Mike Lewis and Min Si and Mitesh Kumar Singh and Mona Hassan and Naman Goyal and Narjes Torabi and Nikolay Bashlykov and Nikolay Bogoychev and Niladri Chatterji and Olivier Duchenne and Onur Çelebi and Patrick Alrassy and Pengchuan Zhang and Pengwei Li and Petar Vasic and Peter Weng and Prajjwal Bhargava and Pratik Dubal and Praveen Krishnan and Punit Singh Koura and Puxin Xu and Qing He and Qingxiao Dong and Ragavan Srinivasan and Raj Ganapathy and Ramon Calderer and Ricardo Silveira Cabral and Robert Stojnic and Roberta Raileanu and Rohit Girdhar and Rohit Patel and Romain Sauvestre and Ronnie Polidoro and Roshan Sumbaly and Ross Taylor and Ruan Silva and Rui Hou and Rui Wang and Saghar Hosseini and Sahana Chennabasappa and Sanjay Singh and Sean Bell and Seohyun Sonia Kim and Sergey Edunov and Shaoliang Nie and Sharan Narang and Sharath Raparthy and Sheng Shen and Shengye Wan and Shruti Bhosale and Shun Zhang and Simon Vandenhende and Soumya Batra and Spencer Whitman and Sten Sootla and Stephane Collot and Suchin Gururangan and Sydney Borodinsky and Tamar Herman and Tara Fowler and Tarek Sheasha and Thomas Georgiou and Thomas Scialom and Tobias Speckbacher and Todor Mihaylov and Tong Xiao and Ujjwal Karn and Vedanuj Goswami and Vibhor Gupta and Vignesh Ramanathan and Viktor Kerkez and Vincent Gonguet and Virginie Do and Vish Vogeti and Vladan Petrovic and Weiwei Chu and Wenhan Xiong and Wenyin Fu and Whitney Meers and Xavier Martinet and Xiaodong Wang and Xiaoqing Ellen Tan and Xinfeng Xie and Xuchao Jia and Xuewei Wang and Yaelle Goldschlag and Yashesh Gaur and Yasmine Babaei and Yi Wen and Yiwen Song and Yuchen Zhang and Yue Li and Yuning Mao and Zacharie Delpierre Coudert and Zheng Yan and Zhengxing Chen and Zoe Papakipos and Aaditya Singh and Aaron Grattafiori and Abha Jain and Adam Kelsey and Adam Shajnfeld and Adithya Gangidi and Adolfo Victoria and Ahuva Goldstand and Ajay Menon and Ajay Sharma and Alex Boesenberg and Alex Vaughan and Alexei Baevski and Allie Feinstein and Amanda Kallet and Amit Sangani and Anam Yunus and Andrei Lupu and Andres Alvarado and Andrew Caples and Andrew Gu and Andrew Ho and Andrew Poulton and Andrew Ryan and Ankit Ramchandani and Annie Franco and Aparajita Saraf and Arkabandhu Chowdhury and Ashley Gabriel and Ashwin Bharambe and Assaf Eisenman and Azadeh Yazdan and Beau James and Ben Maurer and Benjamin Leonhardi and Bernie Huang and Beth Loyd and Beto De Paola and Bhargavi Paranjape and Bing Liu and Bo Wu and Boyu Ni and Braden Hancock and Bram Wasti and Brandon Spence and Brani Stojkovic and Brian Gamido and Britt Montalvo and Carl Parker and Carly Burton and Catalina Mejia and Changhan Wang and Changkyu Kim and Chao Zhou and Chester Hu and Ching-Hsiang Chu and Chris Cai and Chris Tindal and Christoph Feichtenhofer and Damon Civin and Dana Beaty and Daniel Kreymer and Daniel Li and Danny Wyatt and David Adkins and David Xu and Davide Testuggine and Delia David and Devi Parikh and Diana Liskovich and Didem Foss and Dingkang Wang and Duc Le and Dustin Holland and Edward Dowling and Eissa Jamil and Elaine Montgomery and Eleonora Presani and Emily Hahn and Emily Wood and Erik Brinkman and Esteban Arcaute and Evan Dunbar and Evan Smothers and Fei Sun and Felix Kreuk and Feng Tian and Firat Ozgenel and Francesco Caggioni and Francisco Guzmán and Frank Kanayet and Frank Seide and Gabriela Medina Florez and Gabriella Schwarz and Gada Badeer and Georgia Swee and Gil Halpern and Govind Thattai and Grant Herman and Grigory Sizov and Guangyi and Zhang and Guna Lakshminarayanan and Hamid Shojanazeri and Han Zou and Hannah Wang and Hanwen Zha and Haroun Habeeb and Harrison Rudolph and Helen Suk and Henry Aspegren and Hunter Goldman and Ibrahim Damlaj and Igor Molybog and Igor Tufanov and Irina-Elena Veliche and Itai Gat and Jake Weissman and James Geboski and James Kohli and Japhet Asher and Jean-Baptiste Gaya and Jeff Marcus and Jeff Tang and Jennifer Chan and Jenny Zhen and Jeremy Reizenstein and Jeremy Teboul and Jessica Zhong and Jian Jin and Jingyi Yang and Joe Cummings and Jon Carvill and Jon Shepard and Jonathan McPhie and Jonathan Torres and Josh Ginsburg and Junjie Wang and Kai Wu and Kam Hou U and Karan Saxena and Karthik Prasad and Kartikay Khandelwal and Katayoun Zand and Kathy Matosich and Kaushik Veeraraghavan and Kelly Michelena and Keqian Li and Kun Huang and Kunal Chawla and Kushal Lakhotia and Kyle Huang and Lailin Chen and Lakshya Garg and Lavender A and Leandro Silva and Lee Bell and Lei Zhang and Liangpeng Guo and Licheng Yu and Liron Moshkovich and Luca Wehrstedt and Madian Khabsa and Manav Avalani and Manish Bhatt and Maria Tsimpoukelli and Martynas Mankus and Matan Hasson and Matthew Lennie and Matthias Reso and Maxim Groshev and Maxim Naumov and Maya Lathi and Meghan Keneally and Michael L. Seltzer and Michal Valko and Michelle Restrepo and Mihir Patel and Mik Vyatskov and Mikayel Samvelyan and Mike Clark and Mike Macey and Mike Wang and Miquel Jubert Hermoso and Mo Metanat and Mohammad Rastegari and Munish Bansal and Nandhini Santhanam and Natascha Parks and Natasha White and Navyata Bawa and Nayan Singhal and Nick Egebo and Nicolas Usunier and Nikolay Pavlovich Laptev and Ning Dong and Ning Zhang and Norman Cheng and Oleg Chernoguz and Olivia Hart and Omkar Salpekar and Ozlem Kalinli and Parkin Kent and Parth Parekh and Paul Saab and Pavan Balaji and Pedro Rittner and Philip Bontrager and Pierre Roux and Piotr Dollar and Polina Zvyagina and Prashant Ratanchandani and Pritish Yuvraj and Qian Liang and Rachad Alao and Rachel Rodriguez and Rafi Ayub and Raghotham Murthy and Raghu Nayani and Rahul Mitra and Raymond Li and Rebekkah Hogan and Robin Battey and Rocky Wang and Rohan Maheswari and Russ Howes and Ruty Rinott and Sai Jayesh Bondu and Samyak Datta and Sara Chugh and Sara Hunt and Sargun Dhillon and Sasha Sidorov and Satadru Pan and Saurabh Verma and Seiji Yamamoto and Sharadh Ramaswamy and Shaun Lindsay and Shaun Lindsay and Sheng Feng and Shenghao Lin and Shengxin Cindy Zha and Shiva Shankar and Shuqiang Zhang and Shuqiang Zhang and Sinong Wang and Sneha Agarwal and Soji Sajuyigbe and Soumith Chintala and Stephanie Max and Stephen Chen and Steve Kehoe and Steve Satterfield and Sudarshan Govindaprasad and Sumit Gupta and Sungmin Cho and Sunny Virk and Suraj Subramanian and Sy Choudhury and Sydney Goldman and Tal Remez and Tamar Glaser and Tamara Best and Thilo Kohler and Thomas Robinson and Tianhe Li and Tianjun Zhang and Tim Matthews and Timothy Chou and Tzook Shaked and Varun Vontimitta and Victoria Ajayi and Victoria Montanez and Vijai Mohan and Vinay Satish Kumar and Vishal Mangla and Vítor Albiero and Vlad Ionescu and Vlad Poenaru and Vlad Tiberiu Mihailescu and Vladimir Ivanov and Wei Li and Wenchen Wang and Wenwen Jiang and Wes Bouaziz and Will Constable and Xiaocheng Tang and Xiaofang Wang and Xiaojian Wu and Xiaolan Wang and Xide Xia and Xilun Wu and Xinbo Gao and Yanjun Chen and Ye Hu and Ye Jia and Ye Qi and Yenda Li and Yilin Zhang and Ying Zhang and Yossi Adi and Youngjin Nam and Yu and Wang and Yuchen Hao and Yundi Qian and Yuzi He and Zach Rait and Zachary DeVito and Zef Rosnbrick and Zhaoduo Wen and Zhenyu Yang and Zhiwei Zhao},
      year={2024},
      eprint={2407.21783},
      archivePrefix={arXiv},
      primaryClass={cs.AI},
      url={https://arxiv.org/abs/2407.21783}, 
}

@article{zhang2023trained,
  title={Trained transformers learn linear models in-context},
  author={Zhang, Ruiqi and Frei, Spencer and Bartlett, Peter L},
  journal={arXiv preprint arXiv:2306.09927},
  year={2023}
}

@article{ahn2024transformers,
  title={Transformers learn to implement preconditioned gradient descent for in-context learning},
  author={Ahn, Kwangjun and Cheng, Xiang and Daneshmand, Hadi and Sra, Suvrit},
  journal={Advances in Neural Information Processing Systems},
  volume={36},
  year={2024}
}

@article{zhang2024context,
  title={In-context learning of a linear Transformer block: Benefits of the {MLP} component and one-step {GD} initialization},
  author={Zhang, Ruiqi and Wu, Jingfeng and Bartlett, Peter L},
  journal={arXiv preprint arXiv:2402.14951},
  year={2024}
}

@article{deora2023optimization,
  title={On the optimization and generalization of multi-head attention},
  author={Deora, Puneesh and Ghaderi, Rouzbeh and Taheri, Hossein and Thrampoulidis, Christos},
  journal={arXiv preprint arXiv:2310.12680},
  year={2023}
}

@article{nichani2024transformers,
  title={How transformers learn causal structure with gradient descent},
  author={Nichani, Eshaan and Damian, Alex and Lee, Jason D},
  journal={arXiv preprint arXiv:2402.14735},
  year={2024}
}

@article{wu2023many,
  title={How Many Pretraining Tasks Are Needed for In-Context Learning of Linear Regression?},
  author={Wu, Jingfeng and Zou, Difan and Chen, Zixiang and Braverman, Vladimir and Gu, Quanquan and Bartlett, Peter L},
  journal={arXiv preprint arXiv:2310.08391},
  year={2023}
}

@article{huang2023context,
  title={In-context convergence of transformers},
  author={Huang, Yu and Cheng, Yuan and Liang, Yingbin},
  journal={arXiv preprint arXiv:2310.05249},
  year={2023}
}

@article{tian2023joma,
  title={Joma: Demystifying multilayer transformers via joint dynamics of mlp and attention},
  author={Tian, Yuandong and Wang, Yiping and Zhang, Zhenyu and Chen, Beidi and Du, Simon},
  journal={arXiv preprint arXiv:2310.00535},
  year={2023}
}

%empirical
@article{ahn2023linear,
  title={Linear attention is (maybe) all you need (to understand transformer optimization)},
  author={Ahn, Kwangjun and Cheng, Xiang and Song, Minhak and Yun, Chulhee and Jadbabaie, Ali and Sra, Suvrit},
  journal={arXiv preprint arXiv:2310.01082},
  year={2023}
}


@article{chen2024training,
  title={Training dynamics of multi-head softmax attention for in-context learning: Emergence, convergence, and optimality},
  author={Chen, Siyu and Sheen, Heejune and Wang, Tianhao and Yang, Zhuoran},
  journal={arXiv preprint arXiv:2402.19442},
  year={2024}
}

@article{kim2024transformers,
  title={Transformers are Minimax Optimal Nonparametric In-Context Learners},
  author={Kim, Juno and Nakamaki, Tai and Suzuki, Taiji},
  journal={arXiv preprint arXiv:2408.12186},
  year={2024}
}

@inproceedings{reddy2023mechanistic,
  title={The mechanistic basis of data dependence and abrupt learning in an in-context classification task},
  author={Reddy, Gautam},
  booktitle={The Twelfth International Conference on Learning Representations},
  year={2023}
}
text comprehension
@article{devlin2018bert,
  title={Bert: Pre-training of deep bidirectional transformers for language understanding},
  author={Devlin, Jacob},
  journal={arXiv preprint arXiv:1810.04805},
  year={2018}
}

text generation
@article{radford2019language,
  title={Language models are unsupervised multitask learners},
  author={Radford, Alec and Wu, Jeffrey and Child, Rewon and Luan, David and Amodei, Dario and Sutskever, Ilya and others},
  journal={OpenAI blog},
  volume={1},
  number={8},
  pages={9},
  year={2019}
}
@article{goyal2020evaluating,
  title={Evaluating factuality in generation with dependency-level entailment},
  author={Goyal, Tanya and Durrett, Greg},
  journal={arXiv preprint arXiv:2010.05478},
  year={2020}
}
code
@article{chen2021evaluating,
  title={Evaluating large language models trained on code},
  author={Chen, Mark and Tworek, Jerry and Jun, Heewoo and Yuan, Qiming and Pinto, Henrique Ponde De Oliveira and Kaplan, Jared and Edwards, Harri and Burda, Yuri and Joseph, Nicholas and Brockman, Greg and others},
  journal={arXiv preprint arXiv:2107.03374},
  year={2021}
}
@article{roziere2023code,
  title={Code {LLaMA}: Open foundation models for code},
  author={Roziere, Baptiste and Gehring, Jonas and Gloeckle, Fabian and Sootla, Sten and Gat, Itai and Tan, Xiaoqing Ellen and Adi, Yossi and Liu, Jingyu and Sauvestre, Romain and Remez, Tal and others},
  journal={arXiv preprint arXiv:2308.12950},
  year={2023}
}
reasoning
@article{raffel2020exploring,
  title={Exploring the limits of transfer learning with a unified text-to-text transformer},
  author={Raffel, Colin and Shazeer, Noam and Roberts, Adam and Lee, Katherine and Narang, Sharan and Matena, Michael and Zhou, Yanqi and Li, Wei and Liu, Peter J},
  journal={Journal of machine learning research},
  volume={21},
  number={140},
  pages={1--67},
  year={2020}
}
@article{wei2022chain,
  title={Chain-of-thought prompting elicits reasoning in large language models},
  author={Wei, Jason and Wang, Xuezhi and Schuurmans, Dale and Bosma, Maarten and Xia, Fei and Chi, Ed and Le, Quoc V and Zhou, Denny and others},
  journal={Advances in neural information processing systems},
  volume={35},
  pages={24824--24837},
  year={2022}
}

@article{vaswani2017attention,
  title={Attention is all you need},
  author={Vaswani, A},
  journal={Advances in Neural Information Processing Systems},
  year={2017}
}

@article{bubeck2023sparks,
  title={Sparks of artificial general intelligence: Early experiments with {GPT}-4},
  author={Bubeck, S{\'e}bastien and Chandrasekaran, Varun and Eldan, Ronen and Gehrke, Johannes and Horvitz, Eric and Kamar, Ece and Lee, Peter and Lee, Yin Tat and Li, Yuanzhi and Lundberg, Scott and others},
  journal={arXiv preprint arXiv:2303.12712},
  year={2023}
}

@article{wei2024jailbroken,
  title={Jailbroken: How does llm safety training fail?},
  author={Wei, Alexander and Haghtalab, Nika and Steinhardt, Jacob},
  journal={Advances in Neural Information Processing Systems},
  volume={36},
  year={2024}
}

@article{srivastava2022beyond,
  title={Beyond the imitation game: Quantifying and extrapolating the capabilities of language models},
  author={Srivastava, Aarohi and Rastogi, Abhinav and Rao, Abhishek and Shoeb, Abu Awal Md and Abid, Abubakar and Fisch, Adam and Brown, Adam R and Santoro, Adam and Gupta, Aditya and Garriga-Alonso, Adri{\`a} and others},
  journal={arXiv preprint arXiv:2206.04615},
  year={2022}
}

@article{wang2022self,
  title={Self-consistency improves chain of thought reasoning in language models},
  author={Wang, Xuezhi and Wei, Jason and Schuurmans, Dale and Le, Quoc and Chi, Ed and Narang, Sharan and Chowdhery, Aakanksha and Zhou, Denny},
  journal={arXiv preprint arXiv:2203.11171},
  year={2022}
}

@article{liu2021generated,
  title={Generated knowledge prompting for commonsense reasoning},
  author={Liu, Jiacheng and Liu, Alisa and Lu, Ximing and Welleck, Sean and West, Peter and Bras, Ronan Le and Choi, Yejin and Hajishirzi, Hannaneh},
  journal={arXiv preprint arXiv:2110.08387},
  year={2021}
}

@inproceedings{ghorbani2019interpretation,
  title={Interpretation of neural networks is fragile},
  author={Ghorbani, Amirata and Abid, Abubakar and Zou, James},
  booktitle={Proceedings of the AAAI conference on artificial intelligence},
  volume={33},
  number={01},
  pages={3681--3688},
  year={2019}
}

@article{wen2024transformers,
  title={Transformers are uninterpretable with myopic methods: a case study with bounded Dyck grammars},
  author={Wen, Kaiyue and Li, Yuchen and Liu, Bingbin and Risteski, Andrej},
  journal={Advances in Neural Information Processing Systems},
  volume={36},
  year={2024}
}

@article{petersen2008matrix,
  title={The matrix cookbook},
  author={Petersen, Kaare Brandt and Pedersen, Michael Syskind and others},
  journal={Technical University of Denmark},
  volume={7},
  number={15},
  pages={510},
  year={2008}
}

@book{horn2012matrix,
  title={Matrix Analysis},
  author={Horn, Roger A and Johnson, Charles R},
  year={2012},
  publisher={Cambridge University Press}
}

@book{vershynin2018high,
  title={High-Dimensional Probability: An Introduction with Applications in Data Science},
  author={Vershynin, Roman},
  volume={47},
  year={2018},
  publisher={Cambridge University Press}
}

@article{zhu2024towards,
  title={Towards a Theoretical Understanding of the `Reversal Curse' via Training Dynamics},
  author={Zhu, Hanlin and Huang, Baihe and Zhang, Shaolun and Jordan, Michael and Jiao, Jiantao and Tian, Yuandong and Russell, Stuart},
  journal={arXiv preprint arXiv:2405.04669},
  year={2024}
}

@inproceedings{karimi2016linear,
  title={Linear convergence of gradient and proximal-gradient methods under the polyak-{\l}ojasiewicz condition},
  author={Karimi, Hamed and Nutini, Julie and Schmidt, Mark},
  booktitle={Machine Learning and Knowledge Discovery in Databases: European Conference, ECML PKDD 2016, Riva del Garda, Italy, September 19-23, 2016, Proceedings, Part I 16},
  pages={795--811},
  year={2016},
  organization={Springer}
}

@inproceedings{zafrir2019q8bert,
  title={Q8bert: Quantized 8bit bert},
  author={Zafrir, Ofir and Boudoukh, Guy and Izsak, Peter and Wasserblat, Moshe},
  booktitle={2019 Fifth Workshop on Energy Efficient Machine Learning and Cognitive Computing-NeurIPS Edition (EMC2-NIPS)},
  pages={36--39},
  year={2019},
  organization={IEEE}
}

@inproceedings{wu2023understanding,
  title={Understanding int4 quantization for language models: latency speedup, composability, and failure cases},
  author={Wu, Xiaoxia and Li, Cheng and Aminabadi, Reza Yazdani and Yao, Zhewei and He, Yuxiong},
  booktitle={International Conference on Machine Learning},
  pages={37524--37539},
  year={2023},
  organization={PMLR}
}

@article{bondarenko2023quantizable,
  title={Quantizable transformers: Removing outliers by helping attention heads do nothing},
  author={Bondarenko, Yelysei and Nagel, Markus and Blankevoort, Tijmen},
  journal={Advances in Neural Information Processing Systems},
  volume={36},
  pages={75067--75096},
  year={2023}
}

@article{lin2020towards,
  title={Towards fully 8-bit integer inference for the transformer model},
  author={Lin, Ye and Li, Yanyang and Liu, Tengbo and Xiao, Tong and Liu, Tongran and Zhu, Jingbo},
  journal={arXiv preprint arXiv:2009.08034},
  year={2020}
}

@inproceedings{jacob2018quantization,
  title={Quantization and training of neural networks for efficient integer-arithmetic-only inference},
  author={Jacob, Benoit and Kligys, Skirmantas and Chen, Bo and Zhu, Menglong and Tang, Matthew and Howard, Andrew and Adam, Hartwig and Kalenichenko, Dmitry},
  booktitle={Proceedings of the IEEE conference on computer vision and pattern recognition},
  pages={2704--2713},
  year={2018}
}

@article{lin2024awq,
  title={AWQ: Activation-aware Weight Quantization for On-Device LLM Compression and Acceleration},
  author={Lin, Ji and Tang, Jiaming and Tang, Haotian and Yang, Shang and Chen, Wei-Ming and Wang, Wei-Chen and Xiao, Guangxuan and Dang, Xingyu and Gan, Chuang and Han, Song},
  journal={Proceedings of Machine Learning and Systems},
  volume={6},
  pages={87--100},
  year={2024}
}

@inproceedings{xiao2023smoothquant,
  title={Smoothquant: Accurate and efficient post-training quantization for large language models},
  author={Xiao, Guangxuan and Lin, Ji and Seznec, Mickael and Wu, Hao and Demouth, Julien and Han, Song},
  booktitle={International Conference on Machine Learning},
  pages={38087--38099},
  year={2023},
  organization={PMLR}
}

@article{hu2024outlier,
  title={Outlier-efficient hopfield layers for large transformer-based models},
  author={Hu, Jerry Yao-Chieh and Chang, Pei-Hsuan and Luo, Robin and Chen, Hong-Yu and Li, Weijian and Wang, Wei-Po and Liu, Han},
  journal={arXiv preprint arXiv:2404.03828},
  year={2024}
}

@article{lin2024duquant,
  title={Duquant: Distributing outliers via dual transformation makes stronger quantized llms},
  author={Lin, Haokun and Xu, Haobo and Wu, Yichen and Cui, Jingzhi and Zhang, Yingtao and Mou, Linzhan and Song, Linqi and Sun, Zhenan and Wei, Ying},
  journal={arXiv preprint arXiv:2406.01721},
  year={2024}
}

@incollection{gholami2022survey,
  title={A survey of quantization methods for efficient neural network inference},
  author={Gholami, Amir and Kim, Sehoon and Dong, Zhen and Yao, Zhewei and Mahoney, Michael W and Keutzer, Kurt},
  booktitle={Low-Power Computer Vision},
  pages={291--326},
  year={2022},
  publisher={Chapman and Hall/CRC}
}

@article{nagel2021white,
  title={A white paper on neural network quantization},
  author={Nagel, Markus and Fournarakis, Marios and Amjad, Rana Ali and Bondarenko, Yelysei and Van Baalen, Mart and Blankevoort, Tijmen},
  journal={arXiv preprint arXiv:2106.08295},
  year={2021}
}

@inproceedings{dettmers2023case,
  title={The case for 4-bit precision: k-bit inference scaling laws},
  author={Dettmers, Tim and Zettlemoyer, Luke},
  booktitle={International Conference on Machine Learning},
  pages={7750--7774},
  year={2023},
  organization={PMLR}
}

@article{bondarenko2021understanding,
  title={Understanding and overcoming the challenges of efficient transformer quantization},
  author={Bondarenko, Yelysei and Nagel, Markus and Blankevoort, Tijmen},
  journal={arXiv preprint arXiv:2109.12948},
  year={2021}
}

@article{yao2022zeroquant,
  title={Zeroquant: Efficient and affordable post-training quantization for large-scale transformers},
  author={Yao, Zhewei and Yazdani Aminabadi, Reza and Zhang, Minjia and Wu, Xiaoxia and Li, Conglong and He, Yuxiong},
  journal={Advances in Neural Information Processing Systems},
  volume={35},
  pages={27168--27183},
  year={2022}
}

@article{fan2020training,
  title={Training with quantization noise for extreme model compression},
  author={Fan, Angela and Stock, Pierre and Graham, Benjamin and Grave, Edouard and Gribonval, R{\'e}mi and Jegou, Herve and Joulin, Armand},
  journal={arXiv preprint arXiv:2004.07320},
  year={2020}
}

@article{yao2206efficient,
  title={Efficient and affordable post-training quantization for large-scale transformers, 2022},
  author={Yao, Z and Aminabadi, RY and Zhang, M and Wu, X and Li, C and He, Y Zeroquant},
  journal={URL https://arxiv. org/abs/2206.01861}
}

@article{lin2023transformers,
  title={Transformers as decision makers: Provable in-context reinforcement learning via supervised pretraining},
  author={Lin, Licong and Bai, Yu and Mei, Song},
  journal={arXiv preprint arXiv:2310.08566},
  year={2023}
}