


@misc{JUWELSBooster2020,
  author = {{Juelich Supercomputing Center}},
  note   = {\url{https://apps.fz-juelich.de/jsc/hps/juwels/configuration.html\#hardware-configuration-of-the-system-name-booster-module}},
  title  = {{JUWELS} {B}ooster {S}upercomputer},
  year   = {2020},
}

@article{graf2021just,
  title={JUST: Large-Scale Multi-Tier Storage Infrastructure at the J{\"u}lich Supercomputing Centre},
  author={Graf, Stephan and Mextorf, Olaf},
  journal={Journal of large-scale research facilities JLSRF},
  volume={7},
  pages={180},
  year={2021}
}

@inproceedings{hellaswag,
  title={Hellaswag: Can a machine really finish your sentence?},
  author={Zellers, Rowan and Holtzman, Ari and Bisk, Yonatan and Farhadi, Ali and Choi, Yejin},
  booktitle={Annual Meeting of the Association for Computational Linguistics (ACL)},
  note = {\url{https://aclanthology.org/P19-1472}},
  year={2019}
}


@Article{liu2022convnet,
  author  = {Zhuang Liu and Hanzi Mao and Chao-Yuan Wu and Christoph Feichtenhofer and Trevor Darrell and Saining Xie},
  title   = {A ConvNet for the 2020s},
  journal = {Conference on Computer Vision and Pattern Recognition (CVPR)},
  year    = {2022},
  note={\url{https://arxiv.org/abs/2201.03545}}
}

@article{yfcc100m,
  title={{YFCC100M}: The new data in multimedia research},
  author={Thomee, Bart and Shamma, David A and Friedland, Gerald and Elizalde, Benjamin and Ni, Karl and Poland, Douglas and Borth, Damian and Li, Li-Jia},
  journal={Communications of the ACM},
  year={2016},
  note={\url{https://arxiv.org/abs/1503.01817}}
}

@inproceedings{laion5b,
title={{LAION-5B}: An open large-scale dataset for training next generation image-text models},
author={Christoph Schuhmann and Romain Beaumont and Richard Vencu and Cade W Gordon and Ross Wightman and Mehdi Cherti and Theo Coombes and Aarush Katta and Clayton Mullis and Mitchell Wortsman and Patrick Schramowski and Srivatsa R Kundurthy and Katherine Crowson and Ludwig Schmidt and Robert Kaczmarczyk and Jenia Jitsev},
booktitle={Thirty-sixth Conference on Neural Information Processing Systems (NeurIPS), Datasets and Benchmarks Track},
year={2022},
note={\url{https://openreview.net/forum?id=M3Y74vmsMcY}}
}

@misc{commoncrawl, title={{Common Crawl}}, note={\url{https://commoncrawl.org}}, journal={Common Crawl}} 

@misc{cld3, title={{CLD3}}, note={\url{https://github.com/google/cld3}}, journal={CLD3}} 

@misc{cc2dataset, title={{cc2dataset}}, note={\url{https://github.com/rom1504/cc2dataset}}, journal={Github}} 

@misc{img2dataset, title={{img2dataset}}, note={\url{https://github.com/rom1504/img2dataset}}, journal={Github}} 

@misc{dataset2metadata, url={https://github.com/mlfoundations/dataset2metadata}, journal={Github}} 

@misc{LaionAI, url={www.laion.ai}} 

@misc{datacentric,
  title={Data-Centric AI Competition},
  author={Ng, Andrew and Laird, Dillon and He, Lynn},
  note={\url{https://https-deeplearning-ai. github. io/data-centric-comp}},
  year={2021}
}

@misc{gpt4,
  title={GPT-4 Technical Report},
  author={OpenAI},
  note={\url{https://arxiv.org/abs/2303.08774}},
  year={2023}
}

@article{zaharia2016apache,
  title={Apache spark: a unified engine for big data processing},
  author={Zaharia, Matei and Xin, Reynold S and Wendell, Patrick and Das, Tathagata and Armbrust, Michael and Dave, Ankur and Meng, Xiangrui and Rosen, Josh and Venkataraman, Shivaram and Franklin, Michael J and others},
  journal={Communications of the ACM},
  year={2016},
  note={\url{https://dl.acm.org/doi/10.1145/2934664}},
}

@misc{Detoxify,
  title={Detoxify},
  author={Hanu, Laura and {Unitary team}},
  note={\url{https://github.com/unitaryai/detoxify}},
  year={2020}
}


@misc{dataperf,
  note={\url{https://arxiv.org/abs/2207.10062}},
  
  author = {Mazumder, Mark and Banbury, Colby and Yao, Xiaozhe and Karla≈°, Bojan and Rojas, William Gaviria and Diamos, Sudnya and Diamos, Greg and He, Lynn and Kiela, Douwe and Jurado, David and Kanter, David and Mosquera, Rafael and Ciro, Juan and Aroyo, Lora and Acun, Bilge and Eyuboglu, Sabri and Ghorbani, Amirata and Goodman, Emmett and Kane, Tariq and Kirkpatrick, Christine R. and Kuo, Tzu-Sheng and Mueller, Jonas and Thrush, Tristan and Vanschoren, Joaquin and Warren, Margaret and Williams, Adina and Yeung, Serena and Ardalani, Newsha and Paritosh, Praveen and Zhang, Ce and Zou, James and Wu, Carole-Jean and Coleman, Cody and Ng, Andrew and Mattson, Peter and Reddi, Vijay Janapa},
  title = {DataPerf: Benchmarks for Data-Centric AI Development},
  publisher = {arXiv},
  year = {2022},  
}

@inproceedings{
sorscher2022beyond,
title={Beyond neural scaling laws: beating power law scaling via data pruning},
author={Ben Sorscher and Robert Geirhos and Shashank Shekhar and Surya Ganguli and Ari S. Morcos},
booktitle={Advances in Neural Information Processing Systems (NeurIPS)},
year={2022},
note={\url{https://openreview.net/forum?id=UmvSlP-PyV}}
}

@inproceedings{nguyen2022quality,
  title={Quality not quantity: On the interaction between dataset design and robustness of clip},
  author={Nguyen, Thao and Ilharco, Gabriel and Wortsman, Mitchell and Oh, Sewoong and Schmidt, Ludwig},
  booktitle={Advances in Neural Information Processing Systems (NeurIPS)},
  year={2022},
  note={\url{https://openreview.net/forum?id=LTCBavFWp5C}}
}

@article{Birhane2021MultimodalDM,
  title={Multimodal datasets: misogyny, pornography, and malignant stereotypes},
  author={Abeba Birhane and Vinay Uday Prabhu and Emmanuel Kahembwe},
  year={2021},
  note={\url{https://arxiv.org/abs/2110.01963}}
}

@inproceedings{Prabhu2020LargeID,
  title={Large image datasets: A pyrrhic win for computer vision?},
  author={Vinay Uday Prabhu and Abeba Birhane},
  booktitle={Winter Conference on Applications of Computer Vision (WACV)},
  year={2020},
  note={\url{https://arxiv.org/abs/2006.16923}}
}

@inproceedings{Yang2019TowardsFD,
  title={Towards fairer datasets: filtering and balancing the distribution of the people subtree in the ImageNet hierarchy},
  author={Kaiyu Yang and Klint Qinami and Li Fei-Fei and Jia Deng and Olga Russakovsky},
  booktitle={Conference on Fairness, Accountability, and Transparency (FAccT)},
  year={2020},
  note={\url{https://arxiv.org/abs/1912.07726}}
}

@inproceedings{dave2020tao,
  title={Tao: A large-scale benchmark for tracking any object},
  author={Dave, Achal and Khurana, Tarasha and Tokmakov, Pavel and Schmid, Cordelia and Ramanan, Deva},
  booktitle={European Conference on Computer Vision (ECCV)},
  year={2020},
  note={\url{https://arxiv.org/abs/2005.10356}}
}

@misc{idealods2019imagededup,
  title={Imagededup},
  author={Tanuj Jain and Christopher Lennan and Zubin John and Dat Tran},
  year={2019},
  note={\url{https://github.com/idealo/imagededup}},
}

@inproceedings{sharma2018conceptual,
  title={Conceptual captions: A cleaned, hypernymed, image alt-text dataset for automatic image captioning},
  author={Sharma, Piyush and Ding, Nan and Goodman, Sebastian and Soricut, Radu},
  booktitle={Annual Meeting of the Association for Computational Linguistics (ACL)},
  year={2018},
  note={\url{https://aclanthology.org/P18-1238}}
}

@inproceedings{changpinyo2021conceptual,
  title={Conceptual 12m: Pushing web-scale image-text pre-training to recognize long-tail visual concepts},
  author={Changpinyo, Soravit and Sharma, Piyush and Ding, Nan and Soricut, Radu},
  booktitle={Conference on Computer Vision and Pattern Recognition (CVPR)},
  note={\url{https://arxiv.org/abs/2102.08981}},
  year={2021}
}



@inproceedings{yang2022study,
  title={A study of face obfuscation in {ImageNet}},
  author={Yang, Kaiyu and Yau, Jacqueline H and Fei-Fei, Li and Deng, Jia and Russakovsky, Olga},
  booktitle={International Conference on Machine Learning (ICML)},
  year={2022},
  note={\url{https://arxiv.org/abs/2103.06191}}
}

@misc{vtab,
  author    = {Xiaohua Zhai and
               Joan Puigcerver and
               Alexander Kolesnikov and
               Pierre Ruyssen and
               Carlos Riquelme and
               Mario Lucic and
               Josip Djolonga and
               Andr{\'{e}} Susano Pinto and
               Maxim Neumann and
               Alexey Dosovitskiy and
               Lucas Beyer and
               Olivier Bachem and
               Michael Tschannen and
               Marcin Michalski and
               Olivier Bousquet and
               Sylvain Gelly and
               Neil Houlsby},
  title     = {The Visual Task Adaptation Benchmark},
  publisher = {arXiv},
  year      = {2019},
  note       = {\url{http://arxiv.org/abs/1910.04867}},
}


@misc{Yokoo2021Dedup,
  title={Contrastive Learning with Large Memory Bank and Negative Embedding Subtraction for Accurate Copy Detection},
  author={Yokoo, Shuhei},
  note={\url{https://arxiv.org/abs/2112.04323}},
  year={2021}
}

@inproceedings{copa,
    author={Melissa Roemmele and Cosmin Adrian Bejan and and Andrew S. Gordon},
    note = {\url{https://people.ict.usc.edu/~gordon/copa.html}},
    title={Choice of plausible alternatives: An evaluation of commonsense causal reasoning.},
    booktitle={Association for the Advancement of Artificial Intelligence (AAAI) Spring Symposium},
    year=2011,
}

@inproceedings{siqa,
    title = "Social {IQ}a: Commonsense Reasoning about Social Interactions",
    author = "Sap, Maarten  and
      Rashkin, Hannah  and
      Chen, Derek  and
      Le Bras, Ronan  and
      Choi, Yejin",
    booktitle = "Empirical Methods in Natural Language Processing (EMNLP)",
    year = "2019",
    note = {\url{https://aclanthology.org/D19-1454}},
}

@inproceedings{artetxe-etal-2022-efficient,
    title = "Efficient Large Scale Language Modeling with Mixtures of Experts",
    author = "Artetxe, Mikel  and
      Bhosale, Shruti  and
      Goyal, Naman  and
      Mihaylov, Todor  and
      Ott, Myle  and
      Shleifer, Sam  and
      Lin, Xi Victoria  and
      Du, Jingfei  and
      Iyer, Srinivasan  and
      Pasunuru, Ramakanth  and
      Anantharaman, Giridharan  and
      Li, Xian  and
      Chen, Shuohui  and
      Akin, Halil  and
      Baines, Mandeep  and
      Martin, Louis  and
      Zhou, Xing  and
      Koura, Punit Singh  and
      O{'}Horo, Brian  and
      Wang, Jeffrey  and
      Zettlemoyer, Luke  and
      Diab, Mona  and
      Kozareva, Zornitsa  and
      Stoyanov, Veselin",
    booktitle = "Conference on Empirical Methods in Natural Language Processing (EMNLP)",
    year = "2022",
    note = {\url{https://aclanthology.org/2022.emnlp-main.804}},
}

@misc{mosaicml,
    title = {LLM Evaluation Scores},
    author = {MosaicML},
    note = {\url{https://www.mosaicml.com/llm-evaluation}},
    year=2023
}

@inproceedings{boolq,
  title =     {BoolQ: Exploring the Surprising Difficulty of Natural Yes/No Questions},
  author =    {Clark, Christopher and Lee, Kenton and Chang, Ming-Wei and Kwiatkowski, Tom and Collins, Michael and Toutanova, Kristina},
  booktitle = {Conference of the North {A}merican Chapter of the Association for Computational Linguistics (NAACL)},
  year =      {2019},
  note = {\url{https://aclanthology.org/N19-1300}}
}

@article{flickr30k,
    title = "From image descriptions to visual denotations: New similarity metrics for semantic inference over event descriptions",
    author = "Young, Peter  and
      Lai, Alice  and
      Hodosh, Micah  and
      Hockenmaier, Julia",
    journal = "Transactions of the Association for Computational Linguistics",
    year = "2014",
    note={\url{https://aclanthology.org/Q14-1006}}
}


@misc{mscoco,
  title={Microsoft {COCO} captions: Data collection and evaluation server},
  author={Chen, Xinlei and Fang, Hao and Lin, Tsung-Yi and Vedantam, Ramakrishna and Gupta, Saurabh and Doll{\'a}r, Piotr and Zitnick, C Lawrence},
  note={\url{https://arxiv.org/abs/1504.00325}},
  year={2015}
}

@inproceedings{sbu,
  title={Im2Text: Describing Images Using 1 Million Captioned Photographs},
  author={Vicente Ordonez and Girish Kulkarni and Tamara L. Berg},
  booktitle={Advances in Neural Information Processing Systems (NeurIPS)},
  year={2011},
  note={\url{https://papers.nips.cc/paper_files/paper/2011/file/5dd9db5e033da9c6fb5ba83c7a7ebea9-Paper.pdf}}
}


@inproceedings{alayrac2022flamingo,
  title={Flamingo: a Visual Language Model for Few-Shot Learning},
  author={Alayrac, Jean-Baptiste and Donahue, Jeff and Luc, Pauline and Miech, Antoine and Barr, Iain and Hasson, Yana and Lenc, Karel and Mensch, Arthur and Millican, Katie and Reynolds, Malcolm and others},
  booktitle={Advances in Neural Information Processing Systems (NeurIPS)},
  year={2022},
  note={\url{https://openreview.net/forum?id=EbMuimAbPbs}}
}


@inproceedings{vqa,
author = {Stanislaw Antol and Aishwarya Agrawal and Jiasen Lu and Margaret Mitchell and Dhruv Batra and C. Lawrence Zitnick and Devi Parikh},
title = {{VQA}: {V}isual {Q}uestion {A}nswering},
booktitle = {International Conference on Computer Vision (ICCV)},
note={\url{https://arxiv.org/abs/1505.00468}},
year = {2015},
}









@inproceedings{wortsman2022model,
  title={Model soups: averaging weights of multiple fine-tuned models improves accuracy without increasing inference time},
  author={Wortsman, Mitchell and Ilharco, Gabriel and Gadre, Samir Yitzhak and Roelofs, Rebecca and Gontijo-Lopes, Raphael and Morcos, Ari S and Namkoong, Hongseok and Farhadi, Ali and Carmon, Yair and Kornblith, Simon and others},
  note={\url{https://arxiv.org/abs/2203.05482}},
  booktitle={International Conference on Machine Learning (ICML)},
  year={2022}
}
  
@inproceedings{taori2020measuring,
    title={Measuring Robustness to Natural Distribution Shifts in Image Classification},
    author={Rohan Taori and Achal Dave and Vaishaal Shankar and Nicholas Carlini and Benjamin Recht and Ludwig Schmidt},
    booktitle={Advances in Neural Information Processing Systems (NeurIPS)},
    year={2020},
    note={\url{https://dl.acm.org/doi/abs/10.5555/3495724.3497285}},
}

@article{resisc45,
  title={Remote sensing image scene classification: Benchmark and state of the art},
  author={Cheng, Gong and Han, Junwei and Lu, Xiaoqiang},
  journal={Proceedings of the Institute of Electrical and Electronics Engineers (IEEE)},
  year={2017},
  note={\url{https://ieeexplore.ieee.org/abstract/document/7891544}}
}



@inproceedings{svhn,
  title={Reading digits in natural images with unsupervised feature learning},
  author={Netzer, Yuval and Wang, Tao and Coates, Adam and Bissacco, Alessandro and Wu, Bo and Ng, Andrew Y},
  note={\url{https://storage.googleapis.com/pub-tools-public-publication-data/pdf/37648.pdf}},
  booktitle={Advances in Neural Information Processing Systems (NeurIPS) Workshops},
  year={2011}
}

@misc{lecun1998mnist,
  title={The {MNIST} database of handwritten digits},
  author={LeCun, Yann},
  note={\url{http://yann.lecun.com/exdb/mnist}},
  year={1998}
}

@inproceedings{kitti,
  title={Are we ready for autonomous driving? the kitti vision benchmark suite},
  author={Geiger, Andreas and Lenz, Philip and Urtasun, Raquel},
  booktitle={Conference on Computer Vision and Pattern Recognition (CVPR)},
  year={2012},
  note={\url{https://ieeexplore.ieee.org/abstract/document/6248074}}
}

@InProceedings{pets,
  author       = "Omkar M. Parkhi and Andrea Vedaldi and Andrew Zisserman and C. V. Jawahar",
  title        = "Cats and Dogs",
  booktitle    = "Conference on Computer Vision and Pattern Recognition (CVPR)",
  year         = "2012",
  note={\url{https://ieeexplore.ieee.org/document/6248092}}
}

@inproceedings{gtsrb,
  title={The German traffic sign recognition benchmark: a multi-class classification competition},
  author={Stallkamp, Johannes and Schlipsing, Marc and Salmen, Jan and Igel, Christian},
  booktitle={International Joint Conference on Neural Networks (IJCNN)},
  note={\url{https://ieeexplore.ieee.org/document/6033395}},
  year={2011},
}

@article{eurosat,
  title={Eurosat: A novel dataset and deep learning benchmark for land use and land cover classification},
  author={Helber, Patrick and Bischke, Benjamin and Dengel, Andreas and Borth, Damian},
  journal={Journal of Selected Topics in Applied Earth Observations and Remote Sensing},
  year={2019},
  note={\url{https://arxiv.org/abs/1709.00029}}
}

@article{ethayarajh2024kto,
  title={KTO: Model Alignment as Prospect Theoretic Optimization},
  author={Ethayarajh, Kawin and Xu, Winnie and Muennighoff, Niklas and Jurafsky, Dan and Kiela, Douwe},
  journal={arXiv preprint},
  year={2024},
  note={\url{https://arxiv.org/abs/2402.01306}}
}

@inproceedings{muennighoff2022crosslingual,
  title={Crosslingual generalization through multitask finetuning},
  author={Muennighoff, Niklas and Wang, Thomas and Sutawika, Lintang and Roberts, Adam and Biderman, Stella and Scao, Teven Le and Bari, M Saiful and Shen, Sheng and Yong, Zheng-Xin and Schoelkopf, Hailey and others},
  booktitle={Annual Meeting of the Association for Computational Linguistics (ACL)},
  year={2022},
  note={\url{https://aclanthology.org/2023.acl-long.891}}
}

@inproceedings{wei2021finetuned,
  title={Finetuned language models are zero-shot learners},
  author={Wei, Jason and Bosma, Maarten and Zhao, Vincent Y and Guu, Kelvin and Yu, Adams Wei and Lester, Brian and Du, Nan and Dai, Andrew M and Le, Quoc V},
  booktitle={International Conference on Learning Representations (ICLR)},
  year={2022},
  note={\url{https://openreview.net/forum?id=gEZrGCozdqR}}
}

@inproceedings{rafailov2024direct,
  title={Direct preference optimization: Your language model is secretly a reward model},
  author={Rafailov, Rafael and Sharma, Archit and Mitchell, Eric and Manning, Christopher D and Ermon, Stefano and Finn, Chelsea},
  booktitle={Advances in Neural Information Processing Systems (NeurIPS)},
  year={2023},
  note={\url{https://arxiv.org/abs/2305.18290}}
}

@inproceedings{sanh2021multitask,
  title={Multitask prompted training enables zero-shot task generalization},
  author={Sanh, Victor and Webson, Albert and Raffel, Colin and Bach, Stephen H and Sutawika, Lintang and Alyafeai, Zaid and Chaffin, Antoine and Stiegler, Arnaud and Scao, Teven Le and Raja, Arun and others},
  booktitle={International Conference on Learning Representations (ICLR)},
  note={\url{https://openreview.net/forum?id=9Vrb9D0WI4}},
  year={2022}
}

@article{ustun2024aya,
  title={Aya Model: An Instruction Finetuned Open-Access Multilingual Language Model},
  author={{\"U}st{\"u}n, Ahmet and Aryabumi, Viraat and Yong, Zheng-Xin and Ko, Wei-Yin and D'souza, Daniel and Onilude, Gbemileke and Bhandari, Neel and Singh, Shivalika and Ooi, Hui-Lee and Kayid, Amr and others},
  journal={arXiv preprint},
  year={2024},
  note={\url{https://arxiv.org/abs/2402.07827}}
}

@article{soldaini2024dolma,
  title={Dolma: An Open Corpus of Three Trillion Tokens for Language Model Pretraining Research},
  author={Soldaini, Luca and Kinney, Rodney and Bhagia, Akshita and Schwenk, Dustin and Atkinson, David and Authur, Russell and Bogin, Ben and Chandu, Khyathi and Dumas, Jennifer and Elazar, Yanai and others},
  journal={arXiv preprint},
  year={2024},
  note={\url{https://arxiv.org/abs/2402.00159}}
}

@article{singh2024aya,
  title={Aya dataset: An open-access collection for multilingual instruction tuning},
  author={Singh, Shivalika and Vargus, Freddie and Dsouza, Daniel and Karlsson, B{\"o}rje F and Mahendiran, Abinaya and Ko, Wei-Yin and Shandilya, Herumb and Patel, Jay and Mataciunas, Deividas and OMahony, Laura and others},
  journal={arXiv preprint arXiv:2402.06619},
  year={2024},
  note={\url{https://arxiv.org/abs/2402.06619}}

}

@article{chung2022scaling,
  title={Scaling instruction-finetuned language models},
  author={Chung, Hyung Won and Hou, Le and Longpre, Shayne and Zoph, Barret and Tay, Yi and Fedus, William and Li, Yunxuan and Wang, Xuezhi and Dehghani, Mostafa and Brahma, Siddhartha and others},
  journal={arXiv preprint},
  year={2022},
  note={\url{https://arxiv.org/abs/2210.11416}}
}

@article{li2023starcoder,
  title={StarCoder: may the source be with you!},
  author={Li, Raymond and Allal, Loubna Ben and Zi, Yangtian and Muennighoff, Niklas and Kocetkov, Denis and Mou, Chenghao and Marone, Marc and Akiki, Christopher and Li, Jia and Chim, Jenny and others},
  journal={arXiv preprint},
  year={2023},
  note={\url{https://arxiv.org/abs/2305.06161}}
}

@article{allal2023santacoder,
  title={SantaCoder: don't reach for the stars!},
  author={Allal, Loubna Ben and Li, Raymond and Kocetkov, Denis and Mou, Chenghao and Akiki, Christopher and Ferrandis, Carlos Munoz and Muennighoff, Niklas and Mishra, Mayank and Gu, Alex and Dey, Manan and others},
  journal={arXiv preprint},
  year={2023},
  note={\url{https://arxiv.org/abs/2301.03988}}
}

@article{workshop2022bloom,
  title={Bloom: A 176b-parameter open-access multilingual language model},
  author={Workshop, BigScience and Scao, Teven Le and Fan, Angela and Akiki, Christopher and Pavlick, Ellie and Ili{\'c}, Suzana and Hesslow, Daniel and Castagn{\'e}, Roman and Luccioni, Alexandra Sasha and Yvon, Fran{\c{c}}ois and others},
  journal={arXiv preprint},
  year={2022},
  note={\url{https://arxiv.org/abs/2211.05100}}
}

@article{lozhkov2024starcoder,
      title={StarCoder 2 and The Stack v2: The Next Generation}, 
      author={Anton Lozhkov and Raymond Li and Loubna Ben Allal and Federico Cassano and Joel Lamy-Poirier and Nouamane Tazi and Ao Tang and Dmytro Pykhtar and Jiawei Liu and Yuxiang Wei and Tianyang Liu and Max Tian and Denis Kocetkov and Arthur Zucker and Younes Belkada and Zijian Wang and Qian Liu and Dmitry Abulkhanov and Indraneil Paul and Zhuang Li and Wen-Ding Li and Megan Risdal and Jia Li and Jian Zhu and Terry Yue Zhuo and Evgenii Zheltonozhskii and Nii Osae Osae Dade and Wenhao Yu and Lucas Krau√ü and Naman Jain and Yixuan Su and Xuanli He and Manan Dey and Edoardo Abati and Yekun Chai and Niklas Muennighoff and Xiangru Tang and Muhtasham Oblokulov and Christopher Akiki and Marc Marone and Chenghao Mou and Mayank Mishra and Alex Gu and Binyuan Hui and Tri Dao and Armel Zebaze and Olivier Dehaene and Nicolas Patry and Canwen Xu and Julian McAuley and Han Hu and Torsten Scholak and Sebastien Paquet and Jennifer Robinson and Carolyn Jane Anderson and Nicolas Chapados and Mostofa Patwary and Nima Tajbakhsh and Yacine Jernite and Carlos Mu√±oz Ferrandis and Lingming Zhang and Sean Hughes and Thomas Wolf and Arjun Guha and Leandro von Werra and Harm de Vries},
      year={2024},
      note={\url{https://arxiv.org/abs/2402.19173}},
      journal={arXiv preprint},
}

@article{muennighoff2024generative,
  title={Generative representational instruction tuning},
  author={Muennighoff, Niklas and Su, Hongjin and Wang, Liang and Yang, Nan and Wei, Furu and Yu, Tao and Singh, Amanpreet and Kiela, Douwe},
  journal={arXiv preprint},
  note={\url{https://arxiv.org/abs/2402.09906}},
  year={2024}
}

@inproceedings{luukkonen2023fingpt,
  title={Fingpt: Large generative models for a small language},
  author={Luukkonen, Risto and Komulainen, Ville and Luoma, Jouni and Eskelinen, Anni and Kanerva, Jenna and Kupari, Hanna-Mari and Ginter, Filip and Laippala, Veronika and Muennighoff, Niklas and Piktus, Aleksandra and others},
  booktitle={Conference on Empirical Methods in Natural Language Processing (EMNLP)},
  year={2023},
  note={\url{https://aclanthology.org/2023.emnlp-main.164}}
}

@inproceedings{scao2022language,
  title={What language model to train if you have one million gpu hours?},
  author={Scao, Teven Le and Wang, Thomas and Hesslow, Daniel and Saulnier, Lucile and Bekman, Stas and Bari, M Saiful and Biderman, Stella and Elsahar, Hady and Muennighoff, Niklas and Phang, Jason and others},
  booktitle={Conference on Empirical Methods in Natural Language Processing (EMNLP)},
  note={\url{https://aclanthology.org/2022.findings-emnlp.54}},
  year={2022}
}

@article{groeneveld2024olmo,
  title={OLMo: Accelerating the Science of Language Models},
  author={Groeneveld, Dirk and Beltagy, Iz and Walsh, Pete and Bhagia, Akshita and Kinney, Rodney and Tafjord, Oyvind and Jha, Ananya Harsh and Ivison, Hamish and Magnusson, Ian and Wang, Yizhong and others},
  journal={arXiv preprint},
  year={2024},
  note={\url{https://arxiv.org/abs/2402.00838}}
}

@misc{devries2023chinchilla_analysis,
  author = {De Vries, Harm},
  title = {Go smol or go home},
  note = {\url{https://www.harmdevries.com/post/model-size-vs-compute-overhead}},
  year = {2023}
}

@article{zhuo2024astraios,
  title={Astraios: Parameter-Efficient Instruction Tuning Code Large Language Models},
  author={Zhuo, Terry Yue and Zebaze, Armel and Suppattarachai, Nitchakarn and von Werra, Leandro and de Vries, Harm and Liu, Qian and Muennighoff, Niklas},
  journal={arXiv preprint},
  year={2024},
  note={\url{https://arxiv.org/abs/2401.00788}}
}

@inproceedings{radford2021learning,
Author = {Alec Radford and Jong Wook Kim and Chris Hallacy and Aditya Ramesh and Gabriel Goh and Sandhini Agarwal and Girish Sastry and Amanda Askell and Pamela Mishkin and Jack Clark and Gretchen Krueger and Ilya Sutskever},
Title = {Learning Transferable Visual Models From Natural Language Supervision},
Year = {2021},
note={\url{https://arxiv.org/abs/2103.00020}},
booktitle={International Conference on Machine Learning (ICML)}
}

@article{llama,
  title = {{{LLaMA}}: {{Open}} and {{Efficient Foundation Language Models}}},
  author = {Touvron, Hugo and Lavril, Thibaut and Izacard, Gautier and Martinet, Xavier and Lachaux, Marie-Anne and Lacroix, Timoth{\'e}e and Rozi{\`e}re, Baptiste and Goyal, Naman and Hambro, Eric and Azhar, Faisal and Rodriguez, Aurelien and Joulin, Armand and Grave, Edouard and Lample, Guillaume},
  year = {2023},
  journal={arXiv preprint},
  note={\url{https://arxiv.org/abs/2302.13971}},
}

@article{llama2,
  title = {Llama 2: {{Open Foundation}} and {{Fine-Tuned Chat Models}}},
  author = {Touvron, Hugo and Martin, Louis and Stone, Kevin and Albert, Peter and Almahairi, Amjad and Babaei, Yasmine and Bashlykov, Nikolay and Batra, Soumya and Bhargava, Prajjwal and Bhosale, Shruti and Bikel, Dan and Blecher, Lukas and Ferrer, Cristian Canton and Chen, Moya and Cucurull, Guillem and Esiobu, David and Fernandes, Jude and Fu, Jeremy and Fu, Wenyin and Fuller, Brian and Gao, Cynthia and Goswami, Vedanuj and Goyal, Naman and Hartshorn, Anthony and Hosseini, Saghar and Hou, Rui and Inan, Hakan and Kardas, Marcin and Kerkez, Viktor and Khabsa, Madian and Kloumann, Isabel and Korenev, Artem and Koura, Punit Singh and Lachaux, Marie-Anne and Lavril, Thibaut and Lee, Jenya and Liskovich, Diana and Lu, Yinghai and Mao, Yuning and Martinet, Xavier and Mihaylov, Todor and Mishra, Pushkar and Molybog, Igor and Nie, Yixin and Poulton, Andrew and Reizenstein, Jeremy and Rungta, Rashi and Saladi, Kalyan and Schelten, Alan and Silva, Ruan and Smith, Eric Michael and Subramanian, Ranjan and Tan, Xiaoqing Ellen and Tang, Binh and Taylor, Ross and Williams, Adina and Kuan, Jian Xiang and Xu, Puxin and Yan, Zheng and Zarov, Iliyan and Zhang, Yuchen and Fan, Angela and Kambadur, Melanie and Narang, Sharan and Rodriguez, Aurelien and Stojnic, Robert and Edunov, Sergey and Scialom, Thomas},
  year = {2023},
  journal={arXiv preprint},
  note={\url{https://arxiv.org/abs/2307.09288}},
}

@inproceedings{gpt3,
 author = {Brown, Tom and Mann, Benjamin and Ryder, Nick and Subbiah, Melanie and Kaplan, Jared D and Dhariwal, Prafulla and Neelakantan, Arvind and Shyam, Pranav and Sastry, Girish and Askell, Amanda and Agarwal, Sandhini and Herbert-Voss, Ariel and Krueger, Gretchen and Henighan, Tom and Child, Rewon and Ramesh, Aditya and Ziegler, Daniel and Wu, Jeffrey and Winter, Clemens and Hesse, Chris and Chen, Mark and Sigler, Eric and Litwin, Mateusz and Gray, Scott and Chess, Benjamin and Clark, Jack and Berner, Christopher and McCandlish, Sam and Radford, Alec and Sutskever, Ilya and Amodei, Dario},
 booktitle = {Advances in Neural Information Processing Systems (NeurIPS)},
 title = {Language Models are Few-Shot Learners},
 note = {\url{https://arxiv.org/abs/2005.14165}},
 year = {2020}
}

@inproceedings{mmlu,
  title={Measuring Massive Multitask Language Understanding},
  author={Dan Hendrycks and Collin Burns and Steven Basart and Andy Zou and Mantas Mazeika and Dawn Song and Jacob Steinhardt},
  booktitle={International Conference on Learning Representations (ICLR)},
  year={2021},
  note={\url{https://arxiv.org/abs/2009.03300}}
}

@inproceedings{triviaqa,
     author = {Joshi, Mandar and Choi, Eunsol and Weld, Daniel S. and Zettlemoyer, Luke},
     title = {TriviaQA: A Large Scale Distantly Supervised Challenge Dataset for Reading Comprehension},
     booktitle = {Annual Meeting of the Association for Computational Linguistics (ACL)},
     year = {2017},
     note = {\url{https://nlp.cs.washington.edu/triviaqa}}
}

@article{longpre2023data,
  title={The data provenance initiative: A large scale audit of dataset licensing \& attribution in ai},
  author={Longpre, Shayne and Mahari, Robert and Chen, Anthony and Obeng-Marnu, Naana and Sileo, Damien and Brannon, William and Muennighoff, Niklas and Khazam, Nathan and Kabbara, Jad and Perisetla, Kartik and others},
  journal={arXiv preprint},
  year={2023},
  note={\url{https://arxiv.org/abs/2310.16787}}
}

@article{gsm8k,
  title={Training Verifiers to Solve Math Word Problems},
  author={Cobbe, Karl and Kosaraju, Vineet and Bavarian, Mohammad and Chen, Mark and Jun, Heewoo and Kaiser, Lukasz and Plappert, Matthias and Tworek, Jerry and Hilton, Jacob and Nakano, Reiichiro and Hesse, Christopher and Schulman, John},
  journal={arXiv preprint},
  year={2021},
  note={\url{https://arxiv.org/abs/2110.14168}}
}

@article{muennighoff2023octopack,
  title={Octopack: Instruction tuning code large language models},
  author={Muennighoff, Niklas and Liu, Qian and Zebaze, Armel and Zheng, Qinkai and Hui, Binyuan and Zhuo, Terry Yue and Singh, Swayam and Tang, Xiangru and Von Werra, Leandro and Longpre, Shayne},
  journal={arXiv preprint},
  year={2023},
  note={\url{https://arxiv.org/abs/2308.07124}}
}

@article{zhong2023agieval,
      title={AGIEval: A Human-Centric Benchmark for Evaluating Foundation Models}, 
      author={Wanjun Zhong and Ruixiang Cui and Yiduo Guo and Yaobo Liang and Shuai Lu and Yanlin Wang and Amin Saied and Weizhu Chen and Nan Duan},
      year={2023},
      eprint={2304.06364},
      journal={arXiv preprint},
      note={\url{https://arxiv.org/abs/2304.06364}}
}

@inproceedings{aqua,
    title = "Program Induction by Rationale Generation: Learning to Solve and Explain Algebraic Word Problems",
    author = "Ling, Wang  and
      Yogatama, Dani  and
      Dyer, Chris  and
      Blunsom, Phil",
    booktitle = "Annual Meeting of the Association for Computational Linguistics (ACL)",
    year = "2017",
    note = {\url{https://aclanthology.org/P17-1015}}
   
}

@inproceedings{svamp,
    title = "Are {NLP} Models really able to Solve Simple Math Word Problems?",
    author = "Patel, Arkil  and
      Bhattamishra, Satwik  and
      Goyal, Navin",
    booktitle = "Conference of the North {A}merican Chapter of the Association for Computational Linguistics (NAACL)",
    year = "2021",
    note = {\url{https://aclanthology.org/2021.naacl-main.168}},
}

@inproceedings{srivastava2023beyond,
  title={Beyond the Imitation Game: Quantifying and extrapolating the capabilities of language models},
  author={BIG-bench authors},
  booktitle={Transactions on Machine Learning Research (TMLR)},
  year={2023},
  note={\url{https://openreview.net/forum?id=uyTL5Bvosj}},
}

@inproceedings{ptb,
    title = "Building a Large Annotated Corpus of {E}nglish: The {P}enn {T}reebank",
    author = "Marcus, Mitchell P.  and
      Santorini, Beatrice  and
      Marcinkiewicz, Mary Ann",
    booktitle = "Computational Linguistics",
    year = "1993",
    note = {\url{https://aclanthology.org/J93-2004}},
}

@inproceedings{talmor-etal-2019-commonsenseqa,
    title = "{C}ommonsense{QA}: A Question Answering Challenge Targeting Commonsense Knowledge",
    author = "Talmor, Alon  and
      Herzig, Jonathan  and
      Lourie, Nicholas  and
      Berant, Jonathan",
    booktitle = "Conference of the North {A}merican Chapter of the Association for Computational Linguistics (NAACL)",
    year = "2019",
    note = {\url{https://aclanthology.org/N19-1421}},
}

@inproceedings{reddy-etal-2019-coqa,
    title = "{C}o{QA}: A Conversational Question Answering Challenge",
    author = "Reddy, Siva  and
      Chen, Danqi  and
      Manning, Christopher D.",
    booktitle = "Transactions of the Association for Computational Linguistics (TACL)",
    year = "2019",
    note = {\url{https://aclanthology.org/Q19-1016}},
}

@inproceedings{schaeffer2023emergent,
  title={Are emergent abilities of large language models a mirage?},
  author={Schaeffer, Rylan and Miranda, Brando and Koyejo, Sanmi},
  booktitle={Advances in Neural Information Processing Systems (NeurIPS)},
  year={2023},
  note={\url{https://arxiv.org/abs/2304.15004}}
}

@article{arc,
      author    = {Peter Clark  and Isaac Cowhey and Oren Etzioni and Tushar Khot and
                    Ashish Sabharwal and Carissa Schoenick and Oyvind Tafjord},
      title     = {Think you have Solved Question Answering? Try ARC, the AI2 Reasoning Challenge},
      journal   = {arXiv preprint},
      year      = {2018},
      note={\url{https://arxiv.org/abs/1803.05457}}
}


@inproceedings{2022PrioritizedTraining,
  title = 	 {Prioritized Training on Points that are Learnable, Worth Learning, and not yet Learnt},
  author =       {Mindermann, S{\"o}ren and Brauner, Jan M and Razzak, Muhammed T and Sharma, Mrinank and Kirsch, Andreas and Xu, Winnie and H{\"o}ltgen, Benedikt and Gomez, Aidan N and Morisot, Adrien and Farquhar, Sebastian and Gal, Yarin},
  booktitle = 	 {International Conference on Machine Learning (ICML)},
  year = 	 {2022},
  note = 	 {\url{https://proceedings.mlr.press/v162/mindermann22a.html}}
}

@inproceedings{press-wolf-2017-using,
    title = "Using the Output Embedding to Improve Language Models",
    author = "Press, Ofir  and
      Wolf, Lior",
    booktitle = "Proceedings of the Conference of the {E}uropean Chapter of the Association for Computational Linguistics (EACL)",
    year = "2017",

    note = {\url{https://aclanthology.org/E17-2025}},
}

@inproceedings{Inan2016TyingWV,
  title={Tying Word Vectors and Word Classifiers: A Loss Framework for Language Modeling},
  author={Hakan Inan and Khashayar Khosravi and Richard Socher},
  booktitle={International Conference on Learning Representations (ICLR)},
  year={2017},
  note={\url{https://arxiv.org/abs/1611.01462}}
}

@inproceedings{kingma2014adam,
  title={Adam: A method for stochastic optimization},
  author={Kingma, Diederik P and Ba, Jimmy},
  note={\url{https://arxiv.org/abs/1412.6980}},
  booktitle={International Conference on Learning Representations (ICLR)},
  year={2014}
}



@misc{fgvc_aicraft,
   title         = {Fine-Grained Visual Classification of Aircraft},
   author        = {S. Maji and J. Kannala and E. Rahtu
                    and M. Blaschko and A. Vedaldi},
   year          = {2013},
   note={\url{https://arxiv.org/abs/1306.5151}}
}

@inproceedings{jia2021scaling,
  title={Scaling up visual and vision-language representation learning with noisy text supervision},
  author={Jia, Chao and Yang, Yinfei and Xia, Ye and Chen, Yi-Ting and Parekh, Zarana and Pham, Hieu and Le, Quoc V and Sung, Yunhsuan and Li, Zhen and Duerig, Tom},
  note={\url{https://arxiv.org/abs/2102.05918}},
  booktitle={International Conference on Machine Learning (ICML)},
  year={2021}
}

@misc{pham2021scaling,
  title={Combined Scaling for Zero-shot Transfer Learning},
  author={Hieu Pham and Zihang Dai and Golnaz Ghiasi and Hanxiao Liu and Adams Wei Yu and Minh-Thang Luong and Mingxing Tan and Quoc V. Le},
  note={\url{https://arxiv.org/abs/2111.10050}},
  year={2021}
}




@inproceedings{
dosovitskiy2021an,
title={An Image is Worth 16x16 Words: Transformers for Image Recognition at Scale},
author={Alexey Dosovitskiy and Lucas Beyer and Alexander Kolesnikov and Dirk Weissenborn and Xiaohua Zhai and Thomas Unterthiner and Mostafa Dehghani and Matthias Minderer and Georg Heigold and Sylvain Gelly and Jakob Uszkoreit and Neil Houlsby},
booktitle={International Conference on Learning Representations (ICLR)},
year={2021},
note={\url{https://openreview.net/forum?id=YicbFdNTTy}}
}


@inproceedings{imagenetv2, 
title = {Do {I}mage{N}et Classifiers Generalize to {I}mage{N}et?}, 
author = {Recht, Benjamin and Roelofs, Rebecca and Schmidt, Ludwig and Shankar, Vaishaal}, 
booktitle = {International Conference on Machine Learning (ICML)}, 
year = {2019},  note={\url{http://proceedings.mlr.press/v97/recht19a.html}}}

@inproceedings{imageneta_and_imageneto,
  title={Natural Adversarial Examples},
  author={Dan Hendrycks and Kevin Zhao and Steven Basart and Jacob Steinhardt and Dawn Song},
  booktitle={Conference on Computer Vision and Pattern Recognition (CVPR)},
  year={2021},
  note={\url{https://arxiv.org/abs/1907.07174}}
}

@article{imagenetr,
  title={The Many Faces of Robustness: A Critical Analysis of Out-of-Distribution Generalization},
  author={Dan Hendrycks and Steven Basart and Norman Mu and Saurav Kadavath and Frank Wang and Evan Dorundo and Rahul Desai and Tyler Zhu and Samyak Parajuli and Mike Guo and Dawn Song and Jacob Steinhardt and Justin Gilmer},
  journal={ICCV},
  year={2021},
  note={\url{https://arxiv.org/abs/2006.16241}}
}

@inproceedings{imagenetsketch,
    title={Learning Robust Global Representations by Penalizing Local Predictive Power},
    author={Wang, Haohan and Ge, Songwei and Lipton, Zachary and Xing, Eric P},
    booktitle={Advances in Neural Information Processing Systems (NeurIPS)},
    year={2019},
    note={\url{https://arxiv.org/abs/1905.13549}}
}

@inproceedings{objectnet,
 author = {Barbu, Andrei and Mayo, David and Alverio, Julian and Luo, William and Wang, Christopher and Gutfreund, Dan and Tenenbaum, Josh and Katz, Boris},
 booktitle = {Advances in Neural Information Processing Systems (NeurIPS)},
 pages = {},
 publisher = {Curran Associates, Inc.},
 title = {ObjectNet: A large-scale bias-controlled dataset for pushing the limits of object recognition models},
 note = {\url{https://proceedings.neurips.cc/paper/2019/file/97af07a14cacba681feacf3012730892-Paper.pdf}},
 volume = {32},
 year = {2019}
}

@inproceedings{sagawa2022extending,
  title = {Extending the WILDS Benchmark for Unsupervised Adaptation}, 
  author = {Shiori Sagawa and Pang Wei Koh and Tony Lee and Irena Gao and Sang Michael Xie and Kendrick Shen and Ananya Kumar and Weihua Hu and Michihiro Yasunaga and Henrik Marklund and Sara Beery and Etienne David and Ian Stavness and Wei Guo and Jure Leskovec and Kate Saenko and Tatsunori Hashimoto and Sergey Levine and Chelsea Finn and Percy Liang},
  booktitle = {International Conference on Learning Representations (ICLR)},
  year = {2022},
  note={\url{https://arxiv.org/abs/2112.05090}}
}

@inproceedings{wilds2021,
  title = {{WILDS}: A Benchmark of in-the-Wild Distribution Shifts},
  author = {Pang Wei Koh and Shiori Sagawa and Henrik Marklund and Sang Michael Xie and Marvin Zhang and Akshay Balsubramani and Weihua Hu and Michihiro Yasunaga and Richard Lanas Phillips and Irena Gao and Tony Lee and Etienne David and Ian Stavness and Wei Guo and Berton A. Earnshaw and Imran S. Haque and Sara Beery and Jure Leskovec and Anshul Kundaje and Emma Pierson and Sergey Levine and Chelsea Finn and Percy Liang},
  booktitle = {International Conference on Machine Learning (ICML)},
  year = {2021},
  note={\url{https://arxiv.org/abs/2012.07421}}
}


@inproceedings{cherti2023reproducible,
  title={Reproducible scaling laws for contrastive language-image learning},
  author={Cherti, Mehdi and Beaumont, Romain and Wightman, Ross and Wortsman, Mitchell and Ilharco, Gabriel and Gordon, Cade and Schuhmann, Christoph and Schmidt, Ludwig and Jitsev, Jenia},
  booktitle={Conference on Computer Vision and Pattern Recognition (CVPR)},
  year={2023},
  note={\url{https://arxiv.org/abs/2212.07143}}
}


@article{klug2023analyzing,
  title={Analyzing the Sample Complexity of Self-Supervised Image Reconstruction Methods},
  author={Klug, Tobit and Atik, Dogukan and Heckel, Reinhard},
  journal={arXiv preprint},
  year={2023},
  note={\url{https://arxiv.org/abs/2305.19079}}
}

@misc{beery2020iwildcam,
    title={The iWildCam 2020 Competition Dataset},
    author={Beery, Sara and Cole, Elijah and Gjoka, Arvi},
    note={\url{https://arxiv.org/abs/2004.10340}},
    year={2020}
}

@article{bandi2018detection,
  title={From detection of individual metastases to classification of lymph node status at the patient level: the CAMELYON17 challenge},
  author={Bandi, Peter and Geessink, Oscar and Manson, Quirine and Van Dijk, Marcory and Balkenhol, Maschenka and Hermsen, Meyke and Bejnordi, Babak Ehteshami and Lee, Byungjae and Paeng, Kyunghyun and Zhong, Aoxiao and others},
  journal={IEEE Transactions on Medical Imaging},
  year={2018},
  note={\url{https://pubmed.ncbi.nlm.nih.gov/30716025}}
}



@InProceedings{miller21b,
  title = 	 {Accuracy on the Line: on the Strong Correlation Between Out-of-Distribution and In-Distribution Generalization},
  author =       {Miller, John P and Taori, Rohan and Raghunathan, Aditi and Sagawa, Shiori and Koh, Pang Wei and Shankar, Vaishaal and Liang, Percy and Carmon, Yair and Schmidt, Ludwig},
  booktitle = 	 {International Conference on Machine Learning (ICML)},
  pages = 	 {7721--7735},
  year = 	 {2021},
  volume = 	 {139},
  series = 	 {Proceedings of Machine Learning Research},
  month = 	 {18--24 Jul},
  publisher =    {PMLR},
  pdf = 	 {http://proceedings.mlr.press/v139/miller21b/miller21b.pdf},
  url = 	 {http://proceedings.mlr.press/v139/miller21b.html},
}

@misc{luu2021time,
  title={Time Waits for No One! Analysis and Challenges of Temporal Misalignment},
  author={Luu, Kelvin and Khashabi, Daniel and Gururangan, Suchin and Mandyam, Karishma and Smith, Noah A},
  note={\url{https://arxiv.org/abs/2111.07408}},
  year={2021}
}

@inproceedings{jang2021towards,
  title={Towards Continual Knowledge Learning of Language Models},
  author={Jang, Joel and Ye, Seonghyeon and Yang, Sohee and Shin, Joongbo and Han, Janghoon and Kim, Gyeonghun and Choi, Stanley Jungkyu and Seo, Minjoon},
  note={\url{https://arxiv.org/abs/2110.03215}},
  booktitle={International Conference on Learning Representations (ICLR)},
  year={2022}
}

@article{lazaridou2021mind,
  title={Mind the Gap: Assessing Temporal Generalization in Neural Language Models},
  author={Lazaridou, Angeliki and Kuncoro, Adhi and Gribovskaya, Elena and Agrawal, Devang and Liska, Adam and Terzi, Tayfun and Gimenez, Mai and de Masson d'Autume, Cyprien and Kocisky, Tomas and Ruder, Sebastian and others},
  journal={Advances in Neural Information Processing Systems (NeurIPS)},
  note={\url{https://arxiv.org/abs/2102.01951}},
  year={2021}
}

@misc{jang2022temporalwiki,
  title={TemporalWiki: A Lifelong Benchmark for Training and Evaluating Ever-Evolving Language Models},
  author={Jang, Joel and Ye, Seonghyeon and Lee, Changho and Yang, Sohee and Shin, Joongbo and Han, Janghoon and Kim, Gyeonghun and Seo, Minjoon},
  note={\url{https://arxiv.org/abs/2204.14211}},
  year={2022}
}


@inproceedings{karkkainen2021fairface,
  title={Fairface: Face attribute dataset for balanced race, gender, and age for bias measurement and mitigation},
  author={Karkkainen, Kimmo and Joo, Jungseock},
  booktitle={IEEE/CVF Winter Conference on Applications of Computer Vision},
  year={2021},
  note={\url{https://arxiv.org/abs/1908.04913}}
}

@inproceedings{utkface,
  title={Age Progression/Regression by Conditional Adversarial Autoencoder},
  author={Zhang, Zhifei and Song, Yang and Qi, Hairong},
  booktitle={Conference on Computer Vision and Pattern Recognition (CVPR)},
  year={2017},
  note={\url{https://arxiv.org/abs/1702.08423}}
}



@misc{fashionmnist,
  author       = {Han Xiao and Kashif Rasul and Roland Vollgraf},
  title        = {{Fashion-MNIST}: a Novel Image Dataset for Benchmarking Machine Learning Algorithms},
  year         = {2017},
  note={\url{https://arxiv.org/abs/1708.07747}}
}

@inproceedings{ertler2020mapillary,
  title={The mapillary traffic sign dataset for detection and classification on a global scale},
  author={Ertler, Christian and Mislej, Jerneja and Ollmann, Tobias and Porzi, Lorenzo and Neuhold, Gerhard and Kuang, Yubin},
  booktitle={European Conference on Computer Vision (ECCV)},
  year={2020},
  note={\url{https://arxiv.org/abs/1909.04422}}
}


@inproceedings{stl10,
  title={An analysis of single-layer networks in unsupervised feature learning},
  author={Coates, Adam and Ng, Andrew and Lee, Honglak},
  booktitle={International Conference on Artificial Intelligence and Statistics (AISTATS)},
  year={2011},
  note={\url{https://proceedings.mlr.press/v15/coates11a.html}}
}

@inproceedings{he2016deep,
  title={Deep residual learning for image recognition},
  author={He, Kaiming and Zhang, Xiangyu and Ren, Shaoqing and Sun, Jian},
  booktitle={Conference on Computer Vision and Pattern Recognition (CVPR)},
  year={2016},
  note={\url{https://arxiv.org/abs/1512.03385}}
}



@misc{pascal-voc-2007,
    author = "Everingham, M. and Van~Gool, L. and Williams, C. K. I. and Winn, J. and Zisserman, A.",
    title = "The {PASCAL} {V}isual {O}bject {C}lasses {C}hallenge 2007 {(VOC2007)} {R}esults",
    note={\url{http://www.pascal-network.org/challenges/VOC/voc2007/workshop/index.html}},
    year=2007
}

@misc{patchcamelyon,
  author       = {Veeling, Bastiaan S and Linmans, Jasper and Winkens, Jim and Cohen, Taco and Welling, Max},
  title        = {Rotation Equivariant {CNNs} for Digital Pathology},
  year         = {2018},
  note={\url{https://arxiv.org/abs/1806.03962}}
}


@InProceedings{flowers102,
  author       = "Maria-Elena Nilsback and Andrew Zisserman",
  title        = "Automated Flower Classification over a Large Number of Classes",
  booktitle    = "Indian Conference on Computer Vision, Graphics and Image Processing",
  year         = "2008",
  note={\url{https://ieeexplore.ieee.org/document/4756141}}
}

@misc{ramesh2022hierarchical,
  title={Hierarchical text-conditional image generation with clip latents},
  author={Ramesh, Aditya and Dhariwal, Prafulla and Nichol, Alex and Chu, Casey and Chen, Mark},
  note={\url{https://arxiv.org/abs/2204.06125}},
  year={2022}
}


@inproceedings{deng2009imagenet,
  title={Imagenet: A large-scale hierarchical image database},
  author={Deng, Jia and Dong, Wei and Socher, Richard and Li, Li-Jia and Li, Kai and Fei-Fei, Li},
  booktitle={Conference on Computer Vision and Pattern Recognition (CVPR)},
  year={2009},
  note={\url{https://ieeexplore.ieee.org/abstract/document/5206848}}
}

@inproceedings{paszke2019pytorch,
  title={Pytorch: An imperative style, high-performance deep learning library},
  author={Paszke, Adam and Gross, Sam and Massa, Francisco and Lerer, Adam and Bradbury, James and Chanan, Gregory and Killeen, Trevor and Lin, Zeming and Gimelshein, Natalia and Antiga, Luca and others},
  booktitle={Advances in Neural Information Processing Systems (NeurIPS)},
  year={2019},
  note={\url{https://arxiv.org/abs/1912.01703}}
}

@inproceedings{
loshchilov2018decoupled,
title={Decoupled Weight Decay Regularization},
author={Ilya Loshchilov and Frank Hutter},
booktitle={International Conference on Learning Representations (ICLR)},
year={2019},
note={\url{https://openreview.net/forum?id=Bkg6RiCqY7}},
}


@article{caltech101,
  title={Learning Generative Visual Models from Few Training Examples: An Incremental {B}ayesian Approach Tested on 101 Object Categories},
  author={Li Fei-Fei and Rob Fergus and Pietro Perona},
  journal={Conference on Computer Vision and Pattern Recognition (CVPR) Workshop},
  note={\url{https://ieeexplore.ieee.org/document/1384978}},
  year={2004},
}

@inproceedings{dtd,
  title={Describing textures in the wild},
  author={Cimpoi, Mircea and Maji, Subhransu and Kokkinos, Iasonas and Mohamed, Sammy and Vedaldi, Andrea},
  booktitle={Conference on Computer Vision and Pattern Recognition (CVPR)},
  note={\url{https://openaccess.thecvf.com/content_cvpr_2014/html/Cimpoi_Describing_Textures_in_2014_CVPR_paper.html}},
  year={2014}
}

@inproceedings{food101,
  title={Food-101--mining discriminative components with random forests},
  author={Bossard, Lukas and Guillaumin, Matthieu and Van Gool, Luc},
  booktitle={European Conference on Computer Vision (ECCV)},
  note={\url{https://link.springer.com/chapter/10.1007/978-3-319-10599-4_29}},
  year={2014}
  
}

@article{sun397,
  title={Sun database: Exploring a large collection of scene categories},
  author={Xiao, Jianxiong and Ehinger, Krista A and Hays, James and Torralba, Antonio and Oliva, Aude},
  journal={International Journal of Computer Vision (IJCV)},
  year={2016},
  note={\url{https://link.springer.com/article/10.1007/s11263-014-0748-y}}
}

@article{clevr,
  title={{CLEVR}: A Diagnostic Dataset for Compositional Language and Elementary Visual Reasoning},
  author={Justin Johnson and Bharath Hariharan and Laurens van der Maaten and Li Fei-Fei and C. Lawrence Zitnick and Ross B. Girshick},
  journal={Conference on Computer Vision and Pattern Recognition (CVPR)},
  year={2017},
  note={\url{https://arxiv.org/abs/1612.06890}}
}

@inproceedings{cars,
  title={3d object representations for fine-grained categorization},
  author={Krause, Jonathan and Stark, Michael and Deng, Jia and Fei-Fei, Li},
  booktitle={International Conference on Computer Vision Workshops (ICML)},
  note={\url{https://www.cv-foundation.org/openaccess/content_iccv_workshops_2013/W19/html/Krause_3D_Object_Representations_2013_ICCV_paper.html}},
  year={2013}
}

@misc{cifar10andcifar100,
  title={Learning multiple layers of features from tiny images},
  author={Krizhevsky, Alex and Hinton, Geoffrey and others},
  year={2009},
  note={\url{https://www.cs.toronto.edu/~kriz/learning-features-2009-TR.pdf}}
}

@inproceedings{loshchilov2016sgdr,
  title={Sgdr: Stochastic gradient descent with warm restarts},
  author={Loshchilov, Ilya and Hutter, Frank},
  booktitle={International Conference on Learning Representations (ICLR)},
  note={\url{https://arxiv.org/abs/1608.03983}},
  year={2016}
}

@misc{dsprites,
author = {Loic Matthey and Irina Higgins and Demis Hassabis and Alexander Lerchner},
title = {dSprites: Disentanglement testing Sprites dataset},
howpublished= {https://github.com/deepmind/dsprites-dataset},
year = "2017",
}

@inproceedings{Conneau2019UnsupervisedCR,
  title={Unsupervised Cross-lingual Representation Learning at Scale},
  author={Alexis Conneau and Kartikay Khandelwal and Naman Goyal and Vishrav Chaudhary and Guillaume Wenzek and Francisco Guzm{\'a}n and Edouard Grave and Myle Ott and Luke Zettlemoyer and Veselin Stoyanov},
  booktitle={Annual Meeting of the Association for Computational Linguistics (ACL)},
  year={2019},
  note={\url{https://arxiv.org/abs/1911.02116}}
}

@misc{ilharco2021openclip,
  author       = {Ilharco, Gabriel and
                  Wortsman, Mitchell and
                  Wightman, Ross and
                  Gordon, Cade and
                  Carlini, Nicholas and
                  Taori, Rohan and
                  Dave, Achal and
                  Shankar, Vaishaal and
                  Namkoong, Hongseok and
                  Miller, John and
                  Hajishirzi, Hannaneh and
                  Farhadi, Ali and
                  Schmidt, Ludwig},
  title        = {{OpenCLIP}},
  month        = jul,
  year         = 2021,
  publisher    = {Zenodo},
  version      = {0.1},
  doi          = {10.5281/zenodo.5143773},
  note          = {\url{https://doi.org/10.5281/zenodo.5143773}}
}



@inproceedings{kornblith2019better,
  title={Do better imagenet models transfer better?},
  author={Kornblith, Simon and Shlens, Jonathon and Le, Quoc V},
  booktitle={Conference on Computer Vision and Pattern Recognition (CVPR)},
  note={\url{https://arxiv.org/abs/1805.08974}},
  year={2019}
}




@inproceedings{christie2018functional,
  title={Functional map of the world},
  author={Christie, Gordon and Fendley, Neil and Wilson, James and Mukherjee, Ryan},
  booktitle={Conference on Computer Vision and Pattern Recognition (CVPR)},
  note={\url{https://arxiv.org/abs/1711.07846}},
  year={2018}
}

@article{ILSVRC15,
Author = {Olga Russakovsky and Jia Deng and Hao Su and Jonathan Krause and Sanjeev Satheesh and Sean Ma and Zhiheng Huang and Andrej Karpathy and Aditya Khosla and Michael Bernstein and Alexander C. Berg and Li Fei-Fei},
Title = {{ImageNet Large Scale Visual Recognition Challenge}},
Year = {2015},
journal   = {International Journal of Computer Vision (IJCV)},
note={\url{https://arxiv.org/abs/1409.0575}}
}

@misc{beery2021iwildcam,
    title={The iWildCam 2021 Competition Dataset},
    author={Beery, Sara and Agarwal, Arushi and Cole, Elijah and Birodkar, Vighnesh},
    note={\url{https://arxiv.org/abs/2105.03494}},
    year={2021}
}

@article{birodkar2019semantic,
  title={Semantic Redundancies in Image-Classification Datasets: The 10\% You Don't Need},
  author={Birodkar, Vighnesh and Mobahi, Hossein and Bengio, Samy},
  journal={arXiv preprint},
  note={\url{https://arxiv.org/abs/1901.11409}},
  year={2019}
}


@misc{laion400m,
  title={{LAION-400M}: Open dataset of clip-filtered 400 million image-text pairs},
  author={Schuhmann, Christoph and Vencu, Richard and Beaumont, Romain and Kaczmarczyk, Robert and Mullis, Clayton and Katta, Aarush and Coombes, Theo and Jitsev, Jenia and Komatsuzaki, Aran},
  note={\url{https://arxiv.org/abs/2111.02114}},
  year={2021}
}

@misc{coyo700m,
  title         = {COYO-700M: Image-Text Pair Dataset},
  author        = {Byeon, Minwoo and Park, Beomhee and Kim, Haecheon and Lee, Sungjun and Baek, Woonhyuk and Kim, Saehoon},
  year          = {2022},
  howpublished  = {\url{https://github.com/kakaobrain/coyo-dataset}},
}


@article{johnson2019billion,
  title={Billion-scale similarity search with {GPUs}},
  author={Johnson, Jeff and Douze, Matthijs and J{\'e}gou, Herv{\'e}},
  journal={IEEE Transactions on Big Data},
  year={2019},
  note={\url{https://arxiv.org/abs/1702.08734}}
}


@inproceedings{guo2021sample,
  title={Sample and computation redistribution for efficient face detection},
  author={Guo, Jia and Deng, Jiankang and Lattas, Alexandros and Zafeiriou, Stefanos},
  booktitle={International Conference on Learning Representations (ICLR)},
  note={\url{https://arxiv.org/abs/2105.04714}},
  year={2021}
}

@misc{guo2022deepcore,
      title={DeepCore: A Comprehensive Library for Coreset Selection in Deep Learning}, 
      author={Chengcheng Guo and Bo Zhao and Yanbing Bai},
      note = {\url{https://arxiv.org/abs/2204.08499}},
      year = {2022}
}

@inproceedings{rdk+23,
  title = {Filtering, Distillation, and Hard Negatives for Vision-Language Pre-Training},
  author = {Radenovic, Filip and Dubey, Abhimanyu and Kadian, Abhishek and Mihaylov, Todor and Vandenhende, Simon and Patel, Yash and Wen, Yi and Ramanathan, Vignesh and Mahajan, Dhruv},
  booktitle={Conference on Computer Vision and Pattern Recognition (CVPR)},
  note = {\url{https://arxiv.org/abs/2301.02280}},
  year = {2023}
}

@misc{abbas2023semdedup,
  title={SemDeDup: Data-efficient learning at web-scale through semantic deduplication},
  author={Abbas, Amro and Tirumala, Kushal and Simig, D{\'a}niel and Ganguli, Surya and Morcos, Ari S},
  note={\url{https://arxiv.org/abs/2303.09540}},
  year={2023}
}

@inproceedings{fang2022data,
  title={Data determines distributional robustness in contrastive language image pre-training (clip)},
  author={Fang, Alex and Ilharco, Gabriel and Wortsman, Mitchell and Wan, Yuhao and Shankar, Vaishaal and Dave, Achal and Schmidt, Ludwig},
  booktitle={International Conference on Machine Learning (ICML)},
  year={2022},
  note={\url{https://arxiv.org/abs/2205.01397}}
}

@inproceedings{raffel2020exploring,
  title={Exploring the limits of transfer learning with a unified text-to-text transformer},
  author={Raffel, Colin and Shazeer, Noam and Roberts, Adam and Lee, Katherine and Narang, Sharan and Matena, Michael and Zhou, Yanqi and Li, Wei and Liu, Peter J},
  booktitle={The Journal of Machine Learning Research (JMLR)},
  year={2020},
  note={\url{https://arxiv.org/abs/1910.10683}}
}

@inproceedings{Lee2021DeduplicatingTD,
  title={Deduplicating Training Data Makes Language Models Better},
  author={Katherine Lee and Daphne Ippolito and Andrew Nystrom and Chiyuan Zhang and Douglas Eck and Chris Callison-Burch and Nicholas Carlini},
  booktitle={Annual Meeting of the Association for Computational Linguistics (ACL)},
  note={\url{https://arxiv.org/abs/2107.06499}},
  year={2021}
}

@inproceedings{filip,
      title={FILIP: Fine-grained Interactive Language-Image Pre-Training}, 
      author={Lewei Yao and Runhui Huang and Lu Hou and Guansong Lu and Minzhe Niu and Hang Xu and Xiaodan Liang and Zhenguo Li and Xin Jiang and Chunjing Xu},
      booktitle={International Conference on Learning Representations (ICLR)},
      year={2022},
      note={\url{https://arxiv.org/abs/2111.07783}}
}

@inproceedings{chen2022pali,
      title={PaLI: A Jointly-Scaled Multilingual Language-Image Model}, 
      author={Xi Chen and Xiao Wang and Soravit Changpinyo and AJ Piergiovanni and Piotr Padlewski and Daniel Salz and Sebastian Goodman and Adam Grycner and Basil Mustafa and Lucas Beyer and Alexander Kolesnikov and Joan Puigcerver and Nan Ding and Keran Rong and Hassan Akbari and Gaurav Mishra and Linting Xue and Ashish Thapliyal and James Bradbury and Weicheng Kuo and Mojtaba Seyedhosseini and Chao Jia and Burcu Karagol Ayan and Carlos Riquelme and Andreas Steiner and Anelia Angelova and Xiaohua Zhai and Neil Houlsby and Radu Soricut},
      booktitle={International Conference on Learning Representations (ICLR)},
      note={\url{https://arxiv.org/abs/2209.06794}},
      year={2022}
}

@misc{yuan2021florence,
  title={Florence: A new foundation model for computer vision},
  author={Yuan, Lu and Chen, Dongdong and Chen, Yi-Ling and Codella, Noel and Dai, Xiyang and Gao, Jianfeng and Hu, Houdong and Huang, Xuedong and Li, Boxin and Li, Chunyuan and others},
  note={\url{https://arxiv.org/abs/2111.11432}},
  year={2021}
}

@article{caballero2022broken,
  title={Broken Neural Scaling Laws},
  author={Caballero, Ethan and Gupta, Kshitij and Rish, Irina and Krueger, David},
  journal={International Conference on Learning Representations (ICLR)},
  year={2023},
  note={\url{https://arxiv.org/abs/2210.14891}}
}

@article{kaplan2020scaling,
  title={Scaling laws for neural language models},
  author={Kaplan, Jared and McCandlish, Sam and Henighan, Tom and Brown, Tom B and Chess, Benjamin and Child, Rewon and Gray, Scott and Radford, Alec and Wu, Jeffrey and Amodei, Dario},
  note={\url{https://arxiv.org/abs/2001.08361}},
  year={2020},
  journal={arXiv preprint}
}

@inproceedings{chinchilla,
  title={Training compute-optimal large language models},
  author={Hoffmann, Jordan and Borgeaud, Sebastian and Mensch, Arthur and Buchatskaya, Elena and Cai, Trevor and Rutherford, Eliza and Casas, Diego de Las and Hendricks, Lisa Anne and Welbl, Johannes and Clark, Aidan and others},
  note={\url{https://arxiv.org/abs/2203.15556}},
  year={2022},
  booktitle = {Advances in Neural Information Processing Systems (NeurIPS)},
}

@inproceedings{transformer,
  title = {Attention Is All You Need},
  booktitle = {Advances in Neural Information Processing Systems (NeurIPS)},
  author = {Vaswani, Ashish and Shazeer, Noam and Parmar, Niki and Uszkoreit, Jakob and Jones, Llion and Gomez, Aidan N and Kaiser, {\L}ukasz and Polosukhin, Illia},
  year = {2017},
  note = {\url{https://arxiv.org/abs/1706.03762}}
}

@inproceedings{Zhang2019RootMS,
  title={Root Mean Square Layer Normalization},
  author={Biao Zhang and Rico Sennrich},
  booktitle={Advances in Neural Information Processing Systems (NeuIPS)},
  year={2019},
  note={\url{https://arxiv.org/abs/1910.07467}}
}

@article{ba2016layer,
  title={Layer normalization},
  author={Ba, Jimmy Lei and Kiros, Jamie Ryan and Hinton, Geoffrey E},
  journal={arXiv preprint},
  year={2016},
  note={\url{https://arxiv.org/abs/1607.06450}}
}

@article{weidinger2021ethical,
  title={Ethical and social risks of harm from language models},
  author={Weidinger, Laura and Mellor, John and Rauh, Maribeth and Griffin, Conor and Uesato, Jonathan and Huang, Po-Sen and Cheng, Myra and Glaese, Mia and Balle, Borja and Kasirzadeh, Atoosa and others},
  journal={arXiv preprint},
  year={2021},
  note={\url{https://arxiv.org/abs/2112.04359}}
}

@inproceedings{bender2021dangers,
  title={On the dangers of stochastic parrots: Can language models be too big?},
  author={Bender, Emily M and Gebru, Timnit and McMillan-Major, Angelina and Shmitchell, Shmargaret},
  booktitle={Proceedings ACM conference on fairness, accountability, and transparency (FAccT)},
  year={2021},
  note={\url{https://dl.acm.org/doi/10.1145/3442188.3445922}}
}

@article{Bi2024DeepSeekLS,
  title={DeepSeek LLM: Scaling Open-Source Language Models with Longtermism},
  author={DeepSeek-AI Xiao Bi and Deli Chen and Guanting Chen and Shanhuang Chen and Damai Dai and Chengqi Deng and Honghui Ding and Kai Dong and Qiushi Du and Zhe Fu and Huazuo Gao and Kaige Gao and Wenjun Gao and Ruiqi Ge and Kang Guan and Daya Guo and Jianzhong Guo and Guangbo Hao and Zhewen Hao and Ying He and Wen-Hui Hu and Panpan Huang and Erhang Li and Guowei Li and Jiashi Li and Yao Li and Y. K. Li and Wenfeng Liang and Fangyun Lin and A. X. Liu and Bo Liu and Wen Liu and Xiaodong Liu and Xin Liu and Yiyuan Liu and Haoyu Lu and Shanghao Lu and Fuli Luo and Shirong Ma and Xiaotao Nie and Tian Pei and Yishi Piao and Junjie Qiu and Hui Qu and Tongzheng Ren and Zehui Ren and Chong Ruan and Zhangli Sha and Zhihong Shao and Jun-Mei Song and Xuecheng Su and Jingxiang Sun and Yaofeng Sun and Min Tang and Bing-Li Wang and Peiyi Wang and Shiyu Wang and Yaohui Wang and Yongji Wang and Tong Wu and Yu Wu and Xin Xie and Zhenda Xie and Ziwei Xie and Yi Xiong and Hanwei Xu and Ronald X Xu and Yanhong Xu and Dejian Yang and Yu-mei You and Shuiping Yu and Xin-yuan Yu and Bo Zhang and Haowei Zhang and Lecong Zhang and Liyue Zhang and Mingchuan Zhang and Minghu Zhang and Wentao Zhang and Yichao Zhang and Chenggang Zhao and Yao Zhao and Shangyan Zhou and Shunfeng Zhou and Qihao Zhu and Yuheng Zou},
  journal={arXiv preprint},
  year={2024},
  note={\url{https://arxiv.org/abs/2401.02954}}
}

@inproceedings{Chowdhery2022PaLMSL,
  title={PaLM: Scaling Language Modeling with Pathways},
  author={Aakanksha Chowdhery and Sharan Narang and Jacob Devlin and Maarten Bosma and Gaurav Mishra and Adam Roberts and Paul Barham and Hyung Won Chung and Charles Sutton and Sebastian Gehrmann and Parker Schuh and Kensen Shi and Sasha Tsvyashchenko and Joshua Maynez and Abhishek Rao and Parker Barnes and Yi Tay and Noam M. Shazeer and Vinodkumar Prabhakaran and Emily Reif and Nan Du and Benton C. Hutchinson and Reiner Pope and James Bradbury and Jacob Austin and Michael Isard and Guy Gur-Ari and Pengcheng Yin and Toju Duke and Anselm Levskaya and Sanjay Ghemawat and Sunipa Dev and Henryk Michalewski and Xavier Garc{\'i}a and Vedant Misra and Kevin Robinson and Liam Fedus and Denny Zhou and Daphne Ippolito and David Luan and Hyeontaek Lim and Barret Zoph and Alexander Spiridonov and Ryan Sepassi and David Dohan and Shivani Agrawal and Mark Omernick and Andrew M. Dai and Thanumalayan Sankaranarayana Pillai and Marie Pellat and Aitor Lewkowycz and Erica Moreira and Rewon Child and Oleksandr Polozov and Katherine Lee and Zongwei Zhou and Xuezhi Wang and Brennan Saeta and Mark D{\'i}az and Orhan Firat and Michele Catasta and Jason Wei and Kathleen S. Meier-Hellstern and Douglas Eck and Jeff Dean and Slav Petrov and Noah Fiedel},
  booktitle={Journal of Machine Learning Research (JMLR)},
  year={2022},
  note={\url{https://arxiv.org/abs/2204.02311}}
}

@inproceedings{sharma_ScalingLawsData_2022,
    author = {Utkarsh Sharma and Jared Kaplan},
    title = {A Neural Scaling Law from the Dimension of the Data Manifold},
    booktitle={Journal of Machine Learning Research (JMLR)},
    year={2022},
    note={\url{https://arxiv.org/abs/2004.10802}}
}

@article{wortsman2023small,
  title={Small-scale proxies for large-scale Transformer training instabilities},
  author={Wortsman, Mitchell and Liu, Peter J and Xiao, Lechao and Everett, Katie and Alemi, Alex and Adlam, Ben and Co-Reyes, John D and Gur, Izzeddin and Kumar, Abhishek and Novak, Roman and others},
  journal={arXiv preprint},
  year={2023},
  note={\url{https://arxiv.org/abs/2309.14322}}
}

@article{sakaguchi2019winogrande,
    title={WinoGrande: An Adversarial Winograd Schema Challenge at Scale},
    author={Sakaguchi, Keisuke and Bras, Ronan Le and Bhagavatula, Chandra and Choi, Yejin},
    journal={arXiv preprint},
    year={2019},
    note={\url{https://arxiv.org/abs/1907.10641}}
}

@inproceedings{bbq,
    title = "{BBQ}: A hand-built bias benchmark for question answering",
    author = "Parrish, Alicia  and
      Chen, Angelica  and
      Nangia, Nikita  and
      Padmakumar, Vishakh  and
      Phang, Jason  and
      Thompson, Jana  and
      Htut, Phu Mon  and
      Bowman, Samuel",
    booktitle = "Annual Meeting of the Association for Computational Linguistics (ACL)",
    year = "2022",
    note = {\url{https://aclanthology.org/2022.findings-acl.165}},
}

@inproceedings{winograd,
  title={The winograd schema challenge},
  author={Levesque, Hector and Davis, Ernest and Morgenstern, Leora},
  booktitle={International conference on the principles of knowledge representation and reasoning},
  year={2012},
  note={\url{https://aaai.org/papers/59-4492-the-winograd-schema-challenge}}
}

@InProceedings{lambada,
  author    = {Paperno, Denis  and  Kruszewski, Germ\'{a}n  and  Lazaridou,
Angeliki  and  Pham, Ngoc Quan  and  Bernardi, Raffaella  and  Pezzelle,
Sandro  and  Baroni, Marco  and  Boleda, Gemma  and  Fernandez, Raquel},
  title     = {The {LAMBADA} dataset: Word prediction requiring a broad
discourse context},
  booktitle = {Annual Meeting of the Association for
Computational Linguistics (ACL)},
  year      = {2016},
  note       = {\url{http://www.aclweb.org/anthology/P16-1144}}
}

@inproceedings{winogender,
    title = "Gender Bias in Coreference Resolution",
    author = "Rudinger, Rachel  and
      Naradowsky, Jason  and
      Leonard, Brian  and
      Van Durme, Benjamin",
    booktitle = "Conference of the North {A}merican Chapter of the Association for Computational Linguistics (NAACL)",
    year = "2018",
    note = {\url{https://aclanthology.org/N18-2002}},
}

@article{gunasekar2023textbooks,
author = {Gunasekar, Suriya and Zhang, Yi and Aneja, Jyoti and Cesar, Caio and Mendes, Teodoro and Giorno, Allie Del and Gopi, Sivakanth and Javaheripi, Mojan and Kauffmann, Piero and de Rosa, Gustavo and Saarikivi, Olli and Salim, Adil and Shah, Shital and Singh Behl, Harkirat and Wang, Xin and Bubeck, S√©bastien and Eldan, Ronen and Kalai, Adam Tauman and Lee, Yin Tat and Li, Yuanzhi},
title = {Textbooks Are All You Need},
year = {2023},
note = {\url{https://www.microsoft.com/en-us/research/publication/textbooks-are-all-you-need}},
journal="Preprint"
}

@inproceedings{dao2022flashattention,
  title={Flash{A}ttention: Fast and Memory-Efficient Exact Attention with {IO}-Awareness},
  author={Dao, Tri and Fu, Daniel Y. and Ermon, Stefano and Rudra, Atri and R{\'e}, Christopher},
  booktitle={Advances in Neural Information Processing Systems (NeurIPS)},
  year={2022},
  note={\url{https://arxiv.org/abs/2205.14135}}
}

@misc{open_lm,
  author = {Gururangan, Suchin and Wortsman, Mitchell and Gadre, Samir Yitzhak and Dave, Achal and Kilian, Maciej and Shi, Weijia and Mercat, Jean and Smyrnis, Georgios and Ilharco, Gabriel and Jordan, Matt and Heckel, Reinhard and Dimakis, Alex and Farhadi, Ali and Shankar, Vaishaal and Schmidt, Ludwig},
  title = {{OpenLM}: a minimal but performative language modeling (LM) repository},
  year = {2023},
  note = {\url{https://github.com/mlfoundations/open_lm}}
}

@inproceedings{mathqa,
    title = "{M}ath{QA}: Towards Interpretable Math Word Problem Solving with Operation-Based Formalisms",
    author = "Amini, Aida  and
      Gabriel, Saadia  and
      Lin, Shanchuan  and
      Koncel-Kedziorski, Rik  and
      Choi, Yejin  and
      Hajishirzi, Hannaneh",
    booktitle = "Conference of the North {A}merican Chapter of the Association for Computational Linguistics (NACCL)",
    year = "2019",
    note = {\url{https://aclanthology.org/N19-1245}},
}

@inproceedings{squad,
    title = "{SQ}u{AD}: 100,000+ Questions for Machine Comprehension of Text",
    author = "Rajpurkar, Pranav  and
      Zhang, Jian  and
      Lopyrev, Konstantin  and
      Liang, Percy",
    booktitle = "Conference on Empirical Methods in Natural Language Processing (EMNLP)",
    year = "2016",
    note = {\url{https://aclanthology.org/D16-1264}},
}

@inproceedings{merrill-etal-2021-effects,
    title = "Effects of Parameter Norm Growth During Transformer Training: Inductive Bias from Gradient Descent",
    author = "Merrill, William  and
      Ramanujan, Vivek  and
      Goldberg, Yoav  and
      Schwartz, Roy  and
      Smith, Noah A.",
    booktitle = "Conference on Empirical Methods in Natural Language Processing (EMNLP)",
    year = "2021",
    note = {\url{https://aclanthology.org/2021.emnlp-main.133}}
}

@inproceedings{devlin-etal-2019-bert,
    title = "{BERT}: Pre-training of Deep Bidirectional Transformers for Language Understanding",
    author = "Devlin, Jacob  and
      Chang, Ming-Wei  and
      Lee, Kenton  and
      Toutanova, Kristina",
    booktitle = "Conference of the North {A}merican Chapter of the Association for Computational Linguistics (NAACL)",
    year = "2019",
    note = {\url{https://aclanthology.org/N19-1423}},
}

@article{roberta,
  author    = {Yinhan Liu and
               Myle Ott and
               Naman Goyal and
               Jingfei Du and
               Mandar Joshi and
               Danqi Chen and
               Omer Levy and
               Mike Lewis and
               Luke Zettlemoyer and
               Veselin Stoyanov},
  title     = {RoBERTa: {A} Robustly Optimized {BERT} Pretraining Approach},
  journal={arXiv preprint},
  note       = {\url{http://arxiv.org/abs/1907.11692}},
  year = 2019
}

@article{albert,
  author    = {Zhenzhong Lan and
               Mingda Chen and
               Sebastian Goodman and
               Kevin Gimpel and
               Piyush Sharma and
               Radu Soricut},
  title     = {{ALBERT:} {A} Lite {BERT} for Self-supervised Learning of Language
               Representations},
  year      = {2019},
  note       = {\url{http://arxiv.org/abs/1909.11942}},
  journal = {arXiv preprint}
}

@article{scipy,
  author  = {Virtanen, Pauli and Gommers, Ralf and Oliphant, Travis E. and
            Haberland, Matt and Reddy, Tyler and Cournapeau, David and
            Burovski, Evgeni and Peterson, Pearu and Weckesser, Warren and
            Bright, Jonathan and {van der Walt}, St{\'e}fan J. and
            Brett, Matthew and Wilson, Joshua and Millman, K. Jarrod and
            Mayorov, Nikolay and Nelson, Andrew R. J. and Jones, Eric and
            Kern, Robert and Larson, Eric and Carey, C J and
            Polat, {\.I}lhan and Feng, Yu and Moore, Eric W. and
            {VanderPlas}, Jake and Laxalde, Denis and Perktold, Josef and
            Cimrman, Robert and Henriksen, Ian and Quintero, E. A. and
            Harris, Charles R. and Archibald, Anne M. and
            Ribeiro, Ant{\^o}nio H. and Pedregosa, Fabian and
            {van Mulbregt}, Paul and {SciPy 1.0 Contributors}},
  title   = {{{SciPy} 1.0: Fundamental Algorithms for Scientific
            Computing in Python}},
  journal = {Nature Methods},
  year    = {2020},
  note  = {\url{https://rdcu.be/b08Wh}},
}

@article{Sanh2019DistilBERTAD,
  title={DistilBERT, a distilled version of BERT: smaller, faster, cheaper and lighter},
  author={Victor Sanh and Lysandre Debut and Julien Chaumond and Thomas Wolf},
  journal={arXiv preprint},
  year={2019},
 note       = {\url{http://arxiv.org/abs/1910.01108}},
}

@inproceedings{clark2020electra,
  title = {{ELECTRA}: Pre-training Text Encoders as Discriminators Rather Than Generators},
  author = {Kevin Clark and Minh-Thang Luong and Quoc V. Le and Christopher D. Manning},
  booktitle = {International Conference on Learning Representations (ICLR)},
  year = {2020},
  note = {\url{https://openreview.net/pdf?id=r1xMH1BtvB}}
}

@inproceedings{lewis-etal-2020-bart,
    title = "{BART}: Denoising Sequence-to-Sequence Pre-training for Natural Language Generation, Translation, and Comprehension",
    author = "Lewis, Mike  and
      Liu, Yinhan  and
      Goyal, Naman  and
      Ghazvininejad, Marjan  and
      Mohamed, Abdelrahman  and
      Levy, Omer  and
      Stoyanov, Veselin  and
      Zettlemoyer, Luke",
    booktitle = {Annual Meeting of the Association for Computational Linguistics (ACL)},
    year = "2020",
    note = {\url{https://aclanthology.org/2020.acl-main.703}}
}


@inproceedings{Liu2020LogiQAAC,
  title={LogiQA: A Challenge Dataset for Machine Reading Comprehension with Logical Reasoning},
  author={Jian Liu and Leyang Cui and Hanmeng Liu and Dandan Huang and Yile Wang and Yue Zhang},
  booktitle={International Joint Conference on Artificial Intelligence},
  year={2020},
  note={\url{https://arxiv.org/abs/2007.08124}}
}

@misc{pii,
    title={Enterprise{PII} Dataset},
    author={{Patronus AI}},
    year={2023},
    note={\url{https://tinyurl.com/2r5x9bst}}
}

@inproceedings{zhong2019jec,
  title={JEC-QA: A Legal-Domain Question Answering Dataset},
  author={Zhong, Haoxi and Xiao, Chaojun and Tu, Cunchao and Zhang, Tianyang and Liu, Zhiyuan and Sun, Maosong},
  booktitle={Association for the Advancement of Artificial Intelligence (AAAI)},
  year={2020},
  note={\url{https://arxiv.org/abs/1911.12011}}
}

@inproceedings{pubmed,
  title={PubMedQA: A Dataset for Biomedical Research Question Answering},
  author={Jin, Qiao and Dhingra, Bhuwan and Liu, Zhengping and Cohen, William and Lu, Xinghua},
  booktitle={Conference on Empirical Methods in Natural Language Processing (EMNLP)},
  year={2019},
  note={\url{https://aclanthology.org/D19-1259}}
}

@article{Wang2021FromLT,
  title={From LSAT: The Progress and Challenges of Complex Reasoning},
  author={Siyuan Wang and Zhongkun Liu and Wanjun Zhong and Ming Zhou and Zhongyu Wei and Zhumin Chen and Nan Duan},
  journal={Transactions on Audio, Speech, and Language Processing},
  year={2021},
  note={\url{https://arxiv.org/abs/2108.00648}}
}

@inproceedings{OpenBookQA2018,
 title={Can a Suit of Armor Conduct Electricity? A New Dataset for Open Book Question Answering},
 author={Todor Mihaylov and Peter Clark and Tushar Khot and Ashish Sabharwal},
 booktitle={Conference on Empirical Methods in Natural Language Processing (EMNLP)},
 year={2018},
 note={\url{https://arxiv.org/abs/1809.02789}}
}

@inproceedings{piqa,
  author = {Yonatan Bisk and Rowan Zellers and
            Ronan Le Bras and Jianfeng Gao
            and Yejin Choi},
  title = {PIQA: Reasoning about Physical Commonsense in
           Natural Language},
  booktitle = {Association for the Advancement of Artificial Intelligence (AAAI)},
  year = {2020},
  note = {\url{https://arxiv.org/abs/1911.11641}}
}

@inproceedings{gu2021efficiently,
  title={Efficiently modeling long sequences with structured state spaces},
  author={Gu, Albert and Goel, Karan and R{\'e}, Christopher},
  booktitle={International Conference on Learning Representations (ICLR)},
  year={2022},
  note={\url{https://arxiv.org/abs/2111.00396}}
}

@inproceedings{gu2021combining,
  title={Combining recurrent, convolutional, and continuous-time models with linear state space layers},
  author={Gu, Albert and Johnson, Isys and Goel, Karan and Saab, Khaled and Dao, Tri and Rudra, Atri and R{\'e}, Christopher},
  booktitle={Advances in Neural Information Processing Systems (NeurIPS)},
  year={2021},
  note={\url{https://openreview.net/forum?id=yWd42CWN3c}}
}

@inproceedings{peng-etal-2023-rwkv,
    title = "{RWKV}: Reinventing {RNN}s for the Transformer Era",
    author = "Peng, Bo  and
      Alcaide, Eric  and
      Anthony, Quentin  and
      Albalak, Alon  and
      Arcadinho, Samuel  and
      Biderman, Stella  and
      Cao, Huanqi  and
      Cheng, Xin  and
      Chung, Michael  and
      Derczynski, Leon  and
      Du, Xingjian  and
      Grella, Matteo  and
      Gv, Kranthi  and
      He, Xuzheng  and
      Hou, Haowen  and
      Kazienko, Przemyslaw  and
      Kocon, Jan  and
      Kong, Jiaming  and
      Koptyra, Bart{\l}omiej  and
      Lau, Hayden  and
      Lin, Jiaju  and
      Mantri, Krishna Sri Ipsit  and
      Mom, Ferdinand  and
      Saito, Atsushi  and
      Song, Guangyu  and
      Tang, Xiangru  and
      Wind, Johan  and
      Wo{\'z}niak, Stanis{\l}aw  and
      Zhang, Zhenyuan  and
      Zhou, Qinghua  and
      Zhu, Jian  and
      Zhu, Rui-Jie",
    booktitle = "Conference on Empirical Methods in Natural Language Processing (EMNLP)",
    year = "2023",
    note = {\url{https://aclanthology.org/2023.findings-emnlp.936}},
}

@article{mamba,
  title={Mamba: Linear-Time Sequence Modeling with Selective State Spaces},
  author={Gu, Albert and Dao, Tri},
  journal={arXiv preprint},
  note={\url{https://arxiv.org/abs/2312.00752}},
  year={2023}
}

@inproceedings{zhang-etal-2019-improving,
    title = "Improving Deep Transformer with Depth-Scaled Initialization and Merged Attention",
    author = "Zhang, Biao  and
      Titov, Ivan  and
      Sennrich, Rico",
    booktitle = "Empirical Methods in Natural Language Processing (EMNLP)",
    year = "2019",
    note = {\url{https://aclanthology.org/D19-1083}},
}

@misc{triton,
    title={Triton},
    author = {OpenAI},
    year = {2021},
    note = {\url{https://github.com/openai/triton}}
}

@article{c4,
    author = {Colin Raffel and Noam Shazeer and Adam Roberts and Katherine Lee and Sharan Narang and Michael Matena and Yanqi Zhou and Wei Li and Peter J. Liu},
    title = {Exploring the Limits of Transfer Learning with a Unified Text-to-Text Transformer},
    journal={arXiv preprint},
    year={2019},
    note={\url{https://arxiv.org/abs/1910.10683}}
}

@inproceedings{reid2022m2d2,
  title   = {M2D2: A Massively Multi-domain Language Modeling Dataset},
  author  = {Machel Reid and Victor Zhong and Suchin Gururangan and Luke Zettlemoyer},
  year    = {2022},
  booktitle = {Conference on Empirical Methods in Natural Language Processing (EMNLP)},
  note = {\url{https://arxiv.org/abs/2210.07370}}
}

@inproceedings{tay-etal-2023-scaling,
    title = "Scaling Laws vs Model Architectures: How does Inductive Bias Influence Scaling?",
    author = "Tay, Yi  and
      Dehghani, Mostafa  and
      Abnar, Samira  and
      Chung, Hyung  and
      Fedus, William  and
      Rao, Jinfeng  and
      Narang, Sharan  and
      Tran, Vinh  and
      Yogatama, Dani  and
      Metzler, Donald",
    year = 2023,
    booktitle = "Conference on Empirical Methods in Natural Language Processing (EMNLP)",
    note = {\url{https://aclanthology.org/2023.findings-emnlp.825}},
}

@inproceedings{caballero2023broken,
      title={Broken Neural Scaling Laws}, 
      author={Ethan Caballero and Kshitij Gupta and Irina Rish and David Krueger},
      year={2023},
      booktitle={International Conference on Learning Representations (ICLR)},
      note={\url{https://openreview.net/forum?id=sckjveqlCZ}}
}

@inproceedings{abnar2022exploring,
    title	= {Exploring the Limits of Large Scale Pre-training},
    author	= {Samira Abnar and Mostafa Dehghani and Behnam Neyshabur and Hanie Sedghi},
    year	= {2022},
    note	= {\url{https://arxiv.org/abs/2110.02095}},
    booktitle	= {International Conference on Learning Representations (ICLR)}
}

@inproceedings{tay2021scale,
  title={Scale efficiently: Insights from pre-training and fine-tuning transformers},
  author={Tay, Yi and Dehghani, Mostafa and Rao, Jinfeng and Fedus, William and Abnar, Samira and Chung, Hyung Won and Narang, Sharan and Yogatama, Dani and Vaswani, Ashish and Metzler, Donald},
  booktitle={International Conference on Learning Representations (ICLR)},
  year={2022},
  note={\url{https://openreview.net/forum?id=f2OYVDyfIB}}
}

@article{Hernandez2021ScalingLF,
  title={Scaling Laws for Transfer},
  author={Danny Hernandez and Jared Kaplan and T. J. Henighan and Sam McCandlish},
  journal={arXiv preprint},
  year={2021},
  note={\url{https://arxiv.org/abs/2102.01293}},
}

@inproceedings{gordon-etal-2021-data,
    title = "Data and Parameter Scaling Laws for Neural Machine Translation",
    author = "Gordon, Mitchell A  and
      Duh, Kevin  and
      Kaplan, Jared",
    booktitle = "Conference on Empirical Methods in Natural Language Processing (EMNLP)",
    year = "2021",
    note = {\url{https://aclanthology.org/2021.emnlp-main.478}},
}


@article{Henighan2020ScalingLF,
  title={Scaling Laws for Autoregressive Generative Modeling},
  author={T. J. Henighan and Jared Kaplan and Mor Katz and Mark Chen and Christopher Hesse and Jacob Jackson and Heewoo Jun and Tom B. Brown and Prafulla Dhariwal and Scott Gray and Chris Hallacy and Benjamin Mann and Alec Radford and Aditya Ramesh and Nick Ryder and Daniel M. Ziegler and John Schulman and Dario Amodei and Sam McCandlish},
  journal={arXiv preprint},
  year={2020},
  note={\url{https://arxiv.org/abs/2010.14701}}
}

@inproceedings{bansal2022data,
      title={Data Scaling Laws in NMT: The Effect of Noise and Architecture}, 
      author={Yamini Bansal and Behrooz Ghorbani and Ankush Garg and Biao Zhang and Maxim Krikun and Colin Cherry and Behnam Neyshabur and Orhan Firat},
      year={2022},
      booktitle={International Conference on Machine Learning (ICML)},
      note={\url{https://proceedings.mlr.press/v162/bansal22b.html}}
}

@article{ghorbani2021scaling,
  title={Scaling laws for neural machine translation},
  author={Ghorbani, Behrooz and Firat, Orhan and Freitag, Markus and Bapna, Ankur and Krikun, Maxim and Garcia, Xavier and Chelba, Ciprian and Cherry, Colin},
  journal={arXiv preprint },
  year={2021},
  note={\url{https://arxiv.org/abs/2109.07740}}
}

@article{paloma,
  title={{Paloma}: A Benchmark for Evaluating Language Model Fit},
  author={Magnusson, Ian and Bhagia, Akshita and Hofmann, Valentin and Soldaini, Luca and Harsh Jha, Ananya and Tafjord, Oyvind and Schwenk,Dustin and Walsh, Evan Pete and Elazar, Yanai and Lo, Kyle and Groenveld,Dirk and Beltagy,Iz and  Hajishirz,Hanneneh and Smith, Noah A. and Richardson,Kyle and Dodge,Jesse},
  journal={arXiv preprint},
  year={2023},
  note={\url{https://paloma.allen.ai}}
} 

@article{swiglu,
    author = {Noam Shazeer},
    title = {GLU Variants Improve Transformer},
    journal={arXiv preprint},
    note={\url{https://arxiv.org/abs/2002.05202}},
    year=2020
}

@inproceedings{c4_ai2,
    title = "Documenting Large Webtext Corpora: A Case Study on the Colossal Clean Crawled Corpus",
    author = "Dodge, Jesse  and
      Sap, Maarten  and
      Marasovi{\'c}, Ana  and
      Agnew, William  and
      Ilharco, Gabriel  and
      Groeneveld, Dirk  and
      Mitchell, Margaret  and
      Gardner, Matt",
    booktitle = {Conference on Empirical Methods in Natural Language Processing (EMNLP)},
    year = {2021},
    note = {\url{https://aclanthology.org/2021.emnlp-main.98}},
}

@inproceedings{pytorch2,
    author = {Jason Ansel and Edward Yang and Horace He and Natalia Gimelshein and Animesh Jain and Michael Voznesensky and Bin Bao and David Berard and Geeta Chauhan and Anjali Chourdia and Will Constable and Alban Desmaison and Zachary DeVito and Elias Ellison and Will Feng and Jiong Gong and Michael Gschwind and Brian Hirsh and Sherlock Huang and Laurent Kirsch and Michael Lazos and Yanbo Liang and Jason Liang and Yinghai Lu and CK Luk and Bert Maher and Yunjie Pan and Christian Puhrsch and Matthias Reso and Mark Saroufim and Helen Suk and Michael Suo and Phil Tillet and Eikan Wang and Xiaodong Wang and William Wen and Shunting Zhang and Xu Zhao and Keren Zhou and Richard Zou and Ajit Mathews and Gregory Chanan and Peng Wu and Soumith Chintala},
    title = {PyTorch 2: Faster Machine Learning Through Dynamic Python Bytecode Transformation and Graph Compilation},
    booktitle = {International Conference on Architectural Support for Programming Languages and Operating Systems (ASPLOS)},
    year = 2024,
    note = {\url{https://pytorch.org/blog/pytorch-2-paper-tutorial}}
}

@misc{rpj,
  author = {{Together Computer}},
  title = {RedPajama: an Open Dataset for Training Large Language Models},
  year = {2023},
  note = {\url{https://github.com/togethercomputer/RedPajama-Data}}
}

@article{pile,
  title={The {P}ile: An 800GB Dataset of Diverse Text for Language Modeling},
  author={Gao, Leo and Biderman, Stella and Black, Sid and Golding, Laurence and Hoppe, Travis and Foster, Charles and Phang, Jason and He, Horace and Thite, Anish and Nabeshima, Noa and Presser, Shawn and Leahy, Connor},
  journal={arXiv preprint},
  year={2020},
  note={\url{https://arxiv.org/abs/2101.00027}}  
}

@article{refinedweb,
  title={The {R}efined{W}eb dataset for {F}alcon {LLM}: outperforming curated corpora with web data, and web data only},
  author={Guilherme Penedo and Quentin Malartic and Daniel Hesslow and Ruxandra Cojocaru and Alessandro Cappelli and Hamza Alobeidli and Baptiste Pannier and Ebtesam Almazrouei and Julien Launay},
  journal={arXiv preprint},
  note={\url{https://arxiv.org/abs/2306.01116}},
  year={2023}
}

@inproceedings{datacomp,
  title={DataComp: In search of the next generation of multimodal datasets},
  author={Samir Yitzhak Gadre and Gabriel Ilharco and Alex Fang and Jonathan Hayase and Georgios Smyrnis and Thao Nguyen and Ryan Marten, Mitchell Wortsman and Dhruba Ghosh and Jieyu Zhang and Eyal Orgad and Rahim Entezari and Giannis Daras and Sarah Pratt and Vivek Ramanujan and Yonatan Bitton and Kalyani Marathe and Stephen Mussmann and Richard Vencu, Mehdi Cherti and Ranjay Krishna and Pang Wei Koh and Olga Saukh and Alexander Ratner and Shuran Song and Hannaneh Hajishirzi and Ali Farhadi and Romain Beaumont and Sewoong Oh and Alex Dimakis and Jenia Jitsev and Yair Carmon and Vaishaal Shankar and Ludwig Schmidt},
  booktitle={Advances in Neural Information Processing Systems (NeurIPS)},
  year={2023},
  note={\url{https://arxiv.org/abs/2304.14108}}
}

@misc{xFormers2022,
  author =       {Benjamin Lefaudeux and Francisco Massa and Diana Liskovich and Wenhan Xiong and Vittorio Caggiano and Sean Naren and Min Xu and Jieru Hu and Marta Tintore and Susan Zhang and Patrick Labatut and Daniel Haziza},
  title =        {xFormers: A modular and hackable Transformer modelling library},
  note = {\url{https://github.com/facebookresearch/xformers}},
  year =         {2022}
}

@article{Radford2019LanguageMA,
  title={Language Models are Unsupervised Multitask Learners},
  author={Radford, Alec and Wu, Jeff and Child, Rewon and Luan, David and Amodei, Dario and Sutskever, Ilya},
  year={2019},
  journal={Preprint},
  note = {\url{https://d4mucfpksywv.cloudfront.net/better-language-models/language_models_are_unsupervised_multitask_learners.pdf}}
}

@misc{MosaicML2023Introducing,
    author    = {MosaicML NLP Team},
    title     = {Introducing MPT-7B: A New Standard for Open-Source,
    Commercially Usable LLMs},
    year      = {2023},
    note =  {\url{www.mosaicml.com/blog/mpt-7b}}     
}

@article{jiang2023mistral,
  title={Mistral 7B},
  author={Albert Q. Jiang and Alexandre Sablayrolles and Arthur Mensch and Chris Bamford and Devendra Singh Chaplot and Diego de las Casas, Florian Bressand and Gianna Lengyel and Guillaume Lample and Lucile Saulnier and L√©lio Renard Lavaud and Marie-Anne Lachaux and Pierre Stock and Teven Le Scao and Thibaut Lavril and Thomas Wang and Timoth√©e Lacroix and William El Sayed},
  journal={arXiv preprint},
  year={2023},
  note={\url{https://arxiv.org/abs/2310.06825}}
}

@article{XGen,
  title={Long Sequence Modeling with XGen: A 7B LLM Trained on 8K Input Sequence Length},
  author={Erik Nijkamp and Tian Xie and Hiroaki Hayashi and Bo Pang and Congying Xia and Chen Xing and Jesse Vig and Semih Yavuz and Philippe Laban and Ben Krause and Senthil Purushwalkam and Tong Niu and Wojciech Kryscinski and Lidiya Murakhovs'ka and Prafulla Kumar Choubey and Alex Fabbri and Ye Liu and Rui Meng and Lifu Tu and Meghana Bhat and Chien-Sheng Wu and Silvio Savarese and Yingbo Zhou and Shafiq Rayhan Joty and Caiming Xiong},
  journal={arXiv preprint},
  year={2023},
  note={\url{https://arxiv.org/abs/2309.03450}}
}

@inproceedings{Zhao2023PyTorchFE,
  title={PyTorch FSDP: Experiences on Scaling Fully Sharded Data Parallel},
  author={Yanli Zhao and Andrew Gu and Rohan Varma and Liangchen Luo and Chien-chin Huang and Min Xu and Less Wright and Hamid Shojanazeri and Myle Ott and Sam Shleifer and Alban Desmaison and Can Balioglu and Bernard Nguyen and Geeta Chauhan and Yuchen Hao and Shen Li},
  booktitle={Very Large Data Bases Conference (VLDB)},
  year={2023},
  note = {\url{https://dl.acm.org/doi/10.14778/3611540.3611569}}
}

@inproceedings{rosenfeld_ConstructivePredictionGeneralization_2020,
  title = {A Constructive Prediction of the Generalization Error Across Scales},
  booktitle = {International Conference on Learning Representations (ICLR)},
  author = {Rosenfeld, Jonathan S. and Rosenfeld, Amir and Belinkov, Yonatan and Shavit, Nir},
  year = {2020},
  note = {\url{https://arxiv.org/abs/1909.12673}}
}

@article{rope,
  title={Roformer: Enhanced transformer with rotary position embedding},
  author={Su, Jianlin and Ahmed, Murtadha and Lu, Yu and Pan, Shengfeng and Bo, Wen and Liu, Yunfeng},
  journal={arXiv preprint},
  note={\url{https://arxiv.org/abs/2104.09864}},
  year={2021},
}

@article{neox,
  author = {Black, Sid and Biderman, Stella and Hallahan, Eric and Anthony, Quentin and Gao, Leo and Golding, Laurence and He, Horace and Leahy, Connor and McDonell, Kyle and Phang, Jason and Pieler, Michael and Prashanth, USVSN Sai and Purohit, Shivanshu and Reynolds, Laria and Tow, Jonathan and Wang, Ben and Weinbach, Samuel},
  title = {GPT-NeoX-20B: An Open-Source Autoregressive Language Model},
  journal = "BigScience Episode {\#}5 -- Workshop on Challenges {\&} Perspectives in Creating Large Language Models",
  year = {2022},
  note = {\url{https://aclanthology.org/2022.bigscience-1.9}}
}

@article{albalak2024survey,
  title={A Survey on Data Selection for Language Models},
  author={Albalak, Alon and Elazar, Yanai and Xie, Sang Michael and Longpre, Shayne and Lambert, Nathan and Wang, Xinyi and Muennighoff, Niklas and Hou, Bairu and Pan, Liangming and Jeong, Haewon and others},
  journal={arXiv preprint},
  year={2024},
  note={\url{https://arxiv.org/abs/2402.16827}}
}

@article{gopher,
  title={Scaling Language Models: Methods, Analysis \& Insights from Training Gopher},
  author={Jack W. Rae and Sebastian Borgeaud and Trevor Cai and Katie Millican and Jordan Hoffmann and Francis Song and John Aslanides and Sarah Henderson and Roman Ring and Susannah Young and Eliza Rutherford and Tom Hennigan and Jacob Menick and Albin Cassirer and Richard Powell and George van den Driessche and Lisa Anne Hendricks and Maribeth Rauh and Po-Sen Huang and Amelia Glaese and Johannes Welbl and Sumanth Dathathri and Saffron Huang and Jonathan Uesato and John F. J. Mellor and Irina Higgins and Antonia Creswell and Nathan McAleese and Amy Wu and Erich Elsen and Siddhant M. Jayakumar and Elena Buchatskaya and David Budden and Esme Sutherland and Karen Simonyan and Michela Paganini and L. Sifre and Lena Martens and Xiang Lorraine Li and Adhiguna Kuncoro and Aida Nematzadeh and Elena Gribovskaya and Domenic Donato and Angeliki Lazaridou and Arthur Mensch and Jean-Baptiste Lespiau and Maria Tsimpoukelli and N. K. Grigorev and Doug Fritz and Thibault Sottiaux and Mantas Pajarskas and Tobias Pohlen and Zhitao Gong and Daniel Toyama and Cyprien de Masson d'Autume and Yujia Li and Tayfun Terzi and Vladimir Mikulik and Igor Babuschkin and Aidan Clark and Diego de Las Casas and Aurelia Guy and Chris Jones and James Bradbury and Matthew G. Johnson and Blake A. Hechtman and Laura Weidinger and Iason Gabriel and William S. Isaac and Edward Lockhart and Simon Osindero and Laura Rimell and Chris Dyer and Oriol Vinyals and Kareem W. Ayoub and Jeff Stanway and L. L. Bennett and Demis Hassabis and Koray Kavukcuoglu and Geoffrey Irving},
  year={2021},
  journal={arXiv preprint},
  note={\url{https://arxiv.org/abs/2112.11446}}
}

@inproceedings{yang2022tensor,
      title={Tensor Programs {V}: Tuning Large Neural Networks via Zero-Shot Hyperparameter Transfer}, 
      author={Greg Yang and Edward J. Hu and Igor Babuschkin and Szymon Sidor and Xiaodong Liu and David Farhi and Nick Ryder and Jakub Pachocki and Weizhu Chen and Jianfeng Gao},
      year={2021},
      booktitle={Advances in Neural Information Processing Systems (NeuIPS)},
      note={\url{https://arxiv.org/abs/2203.03466}}
}

@inproceedings{yang2023tensor,
    author = {Greg Yang and Dingli Yu and Chen Zhu and Soufiane Hayou},
    title = {Feature Learning in Infinite Depth Neural Networks},
    booktitle = {International Conference on Learning Representations (ICLR)} ,
    year = {2024},
    note={\url{https://openreview.net/forum?id=17pVDnpwwl}}
}

@inproceedings{dehghani2023scaling,
  title={Scaling vision transformers to 22 billion parameters},
  author={Dehghani, Mostafa and Djolonga, Josip and Mustafa, Basil and Padlewski, Piotr and Heek, Jonathan and Gilmer, Justin and Steiner, Andreas Peter and Caron, Mathilde and Geirhos, Robert and Alabdulmohsin, Ibrahim and others},
  booktitle={International Conference on Machine Learning (ICML)},
  year={2023},
  note={\url{https://proceedings.mlr.press/v202/dehghani23a.html}}
}

@inproceedings{zhai2022scaling,
  title={Scaling vision transformers},
  author={Zhai, Xiaohua and Kolesnikov, Alexander and Houlsby, Neil and Beyer, Lucas},
  booktitle={Conference on Computer Vision and Pattern Recognition (CVPR)},
  year={2022},
  note={\url{https://arxiv.org/abs/2106.04560}}
}

@inproceedings{alabdulmohsin2022revisiting,
      title={Revisiting Neural Scaling Laws in Language and Vision}, 
      author={Ibrahim Alabdulmohsin and Behnam Neyshabur and Xiaohua Zhai},
      year={2022},
      booktitle={Advances in Neural Information Processing Systems (NeuIPS)},
      note={\url{https://arxiv.org/abs/2209.06640}}
}

@article{loshchilov2017decoupled,
  title={Decoupled weight decay regularization},
  author={Loshchilov, Ilya and Hutter, Frank},
  journal={arXiv preprint},
  year={2017},
  note={\url{https://arxiv.org/abs/1711.05101}}
}

@article{thoppilan2022lamda,
      title={LaMDA: Language Models for Dialog Applications}, 
      author={Romal Thoppilan and Daniel De Freitas and Jamie Hall and Noam Shazeer and Apoorv Kulshreshtha and Heng-Tze Cheng and Alicia Jin and Taylor Bos and Leslie Baker and Yu Du and YaGuang Li and Hongrae Lee and Huaixiu Steven Zheng and Amin Ghafouri and Marcelo Menegali and Yanping Huang and Maxim Krikun and Dmitry Lepikhin and James Qin and Dehao Chen and Yuanzhong Xu and Zhifeng Chen and Adam Roberts and Maarten Bosma and Vincent Zhao and Yanqi Zhou and Chung-Ching Chang and Igor Krivokon and Will Rusch and Marc Pickett and Pranesh Srinivasan and Laichee Man and Kathleen Meier-Hellstern and Meredith Ringel Morris and Tulsee Doshi and Renelito Delos Santos and Toju Duke and Johnny Soraker and Ben Zevenbergen and Vinodkumar Prabhakaran and Mark Diaz and Ben Hutchinson and Kristen Olson and Alejandra Molina and Erin Hoffman-John and Josh Lee and Lora Aroyo and Ravi Rajakumar and Alena Butryna and Matthew Lamm and Viktoriya Kuzmina and Joe Fenton and Aaron Cohen and Rachel Bernstein and Ray Kurzweil and Blaise Aguera-Arcas and Claire Cui and Marian Croak and Ed Chi and Quoc Le},
      year={2022},
      note={\url{https://arxiv.org/abs/2201.08239}},
      journal={arXiv preprint}
}

@inproceedings{du2022glam,
      title={GLaM: Efficient Scaling of Language Models with Mixture-of-Experts}, 
      author={Nan Du and Yanping Huang and Andrew M. Dai and Simon Tong and Dmitry Lepikhin and Yuanzhong Xu and Maxim Krikun and Yanqi Zhou and Adams Wei Yu and Orhan Firat and Barret Zoph and Liam Fedus and Maarten Bosma and Zongwei Zhou and Tao Wang and Yu Emma Wang and Kellie Webster and Marie Pellat and Kevin Robinson and Kathleen Meier-Hellstern and Toju Duke and Lucas Dixon and Kun Zhang and Quoc V Le and Yonghui Wu and Zhifeng Chen and Claire Cui},
      year={2022},
      note={\url{https://arxiv.org/abs/2112.06905}},
      booktitle={International Conference on Machine Learning (ICML)}
}

@inproceedings{Sardana2023Beyond,
  title={Beyond Chinchilla-Optimal: Accounting for Inference in Language Model Scaling Laws},
  author={Nikhil Sardana and Jonathan Frankle},
  booktitle={NeurIPS Workshop on Efficient Natural Language and Speech Processing (ENLSP)},
  year={2023},
  note={\url{https://arxiv.org/abs/2401.00448}}
}

@inproceedings{muennighoff2023scaling,
  title={Scaling Data-Constrained Language Models},
  author={Muennighoff, Niklas and Rush, Alexander M and Barak, Boaz and Scao, Teven Le and Piktus, Aleksandra and Tazi, Nouamane and Pyysalo, Sampo and Wolf, Thomas and Raffel, Colin},
  booktitle={Advances in Neural Information Processing Systems (NeuIPS)},
  year={2023},
  note={\url{https://arxiv.org/abs/2305.16264}}
}

@inproceedings{dcbench,
  title={dcbench: a benchmark for data-centric AI systems},
  author={Eyuboglu, Sabri and Karla{\v{s}}, Bojan and R{\'e}, Christopher and Zhang, Ce and Zou, James},
  booktitle={Sixth Workshop on Data Management for End-To-End Machine Learning},
  year={2022},
  note={\url{https://dl.acm.org/doi/abs/10.1145/3533028.3533310}},
}

@inproceedings{Welling2009HerdingDW,
  title={Herding dynamical weights to learn},
  author={Max Welling},
  booktitle={International Conference on Machine Learning (ICML)},
  year={2009},
  note={\url{http://machinelearning.org/archive/icml2009/papers/447.pdf}}
}

@inproceedings{Chen2010SuperSamplesFK,
  title={Super-Samples from Kernel Herding},
  author={Yutian Chen and Max Welling and Alex Smola},
  booktitle={ Uncertainty in Artificial Intelligence (UAI)},
  year={2010},
  note={\url{https://arxiv.org/abs/1203.3472}}
}

@inproceedings{Feldman2011Scalable,
 author = {Feldman, Dan and Faulkner, Matthew and Krause, Andreas},
 booktitle = {Advances in Neural Information Processing Systems (NeuIPS)},
 title = {Scalable Training of Mixture Models via Coresets},
 note = {\url{https://proceedings.neurips.cc/paper\_files/paper/2011/file/2b6d65b9a9445c4271ab9076ead5605a-Paper.pdf}},
 year = {2011}
}


@InProceedings{pmlr-v37-bachem15,
  title = 	 {Coresets for Nonparametric Estimation - the Case of DP-Means},
  author = 	 {Bachem, Olivier and Lucic, Mario and Krause, Andreas},
  booktitle = 	 {International Conference on Machine Learning (ICML)},
  year = 	 {2015},
  note = 	 {\url{https://proceedings.mlr.press/v37/bachem15.html}},
  
}

@article{yu2002findout,
  title={Findout: Finding outliers in very large datasets},
  author={Yu, Dantong and Sheikholeslami, Gholamhosein and Zhang, Aidong},
  journal={Knowledge and information Systems},
  year={2002},
  note={\url{https://link.springer.com/article/10.1007/s101150200013}}
}

@article{rousseeuw2018anomaly,
  title={Anomaly detection by robust statistics},
  author={Rousseeuw, Peter J and Hubert, Mia},
  journal={Wiley interdisciplinary reviews: Data mining and knowledge discovery},
  year={2018},
  note = {\url{https://wires.onlinelibrary.wiley.com/doi/pdf/10.1002/widm.1236}}
}

@article{rousseeuw2011robust,
  title={Robust statistics for outlier detection},
  author={Rousseeuw, Peter J and Hubert, Mia},
  journal={Wiley interdisciplinary reviews: Data mining and knowledge discovery},
  year={2011},
  publisher={Wiley Online Library},
  note = {\url{http://i2pc.es/coss/Docencia/SignalProcessingReviews/Rousseeuw2011.pdf}}
}

@inproceedings{datadiet,
  title={Deep learning on a data diet: Finding important examples early in training},
  author={Paul, Mansheej and Ganguli, Surya and Dziugaite, Gintare Karolina},
  booktitle={Advances in Neural Information Processing Systems (NeurIPS)},
  year={2021},
  note={\url{https://arxiv.org/abs/2107.07075}}
}

@inproceedings{sener2018active,
    title={Active Learning for Convolutional Neural Networks: A Core-Set Approach},
    author={Ozan Sener and Silvio Savarese},
    booktitle={International Conference on Learning Representations (ICLR)},
    year={2018},
    note={\url{https://openreview.net/forum?id=H1aIuk-RW}},
}

@article{jiang2001two,
  title={Two-phase clustering process for outliers detection},
  author={Jiang, Mon-Fong and Tseng, Shian-Shyong and Su, Chih-Ming},
  journal={Pattern recognition letters},
  year={2001},
  publisher={Elsevier},
  note = {\url{https://www.sciencedirect.com/science/article/abs/pii/S0167865500001318}}
}

@inproceedings{harpeled2004coresets,
author = {Har-Peled, Sariel and Mazumdar, Soham},
title = {On Coresets for K-Means and k-Median Clustering},
year = {2004},
note = {\url{https://doi.org/10.1145/1007352.1007400}},
booktitle = {Symposium on Theory of Computing (STOC)},
}

@inproceedings{cohen2017input,
author = {Cohen, Michael B. and Musco, Cameron and Musco, Christopher},
title = {Input Sparsity Time Low-Rank Approximation via Ridge Leverage Score Sampling},
year = {2017},
booktitle = {ACM-SIAM Symposium on Discrete Algorithms},
note = {\url{https://dl.acm.org/doi/10.5555/3039686.3039801}}
}


@inproceedings{pmlr-v37-wei15,
  title = 	 {Submodularity in Data Subset Selection and Active Learning},
  author = 	 {Wei, Kai and Iyer, Rishabh and Bilmes, Jeff},
  booktitle = 	 {International Conference on Machine Learning (ICML)},
  year = 	 {2015},
  note = {\url{https://proceedings.mlr.press/v37/wei15.html}},
}

@article{agarwal2004approximating,
author = {Agarwal, Pankaj K. and Har-Peled, Sariel and Varadarajan, Kasturi R.},
title = {Approximating Extent Measures of Points},
year = {2004},
journal = {Journal of the
ACM (JACM)},
note = {\url{https://doi.org/10.1145/1008731.1008736}},
}


@article{lucic2018gaussian,
  author  = {Mario Lucic and Matthew Faulkner and Andreas Krause and Dan Feldman},
  title   = {Training Gaussian Mixture Models at Scale via Coresets},
  journal = {Journal of Machine Learning Research (JMLR)},
  year    = {2018},
  note     = {\url{http://jmlr.org/papers/v18/15-506.html}},
}

@inproceedings{craig,
  title={Coresets for data-efficient training of machine learning models},
  author={Mirzasoleiman, Baharan and Bilmes, Jeff and Leskovec, Jure},
  booktitle={International Conference on Machine Learning (ICML)},
  year={2020},
  note={\url{https://arxiv.org/abs/1906.01827}}
}

@inproceedings{chan2022data,
  title = {Data Distributional Properties Drive Emergent In-Context Learning in Transformers},
  author = {Chan, Stephanie C. Y. and Santoro, Adam and Lampinen, Andrew K. and Wang, Jane X. and Singh, Aaditya and Richemond, Pierre H. and McClelland, Jay and Hill, Felix},
  booktitle = {Advances in Neural Information Processing Systems (NeurIPS)},
  year = {2022},
  note={\url{https://arxiv.org/abs/2205.05055}}
}

@article{og_scaling,
  title={Deep Learning Scaling is Predictable, Empirically},
  author={Joel Hestness and Sharan Narang and Newsha Ardalani and Gregory Frederick Diamos and Heewoo Jun and Hassan Kianinejad and Md. Mostofa Ali Patwary and Yang Yang and Yanqi Zhou},
  year={2017},
  journal={arXiv preprint},
  note={\url{https://arxiv.org/abs/1712.00409}},

}

@inproceedings{hestness2019beyond,
  title={Beyond human-level accuracy: Computational challenges in deep learning},
  author={Hestness, Joel and Ardalani, Newsha and Diamos, Gregory},
  booktitle={Principles and Practice of Parallel Programming (PPoPP)},
  year={2019},
  note={\url{https://arxiv.org/abs/1909.01736}}
}


@inproceedings{toneva2018empirical,
  title={An Empirical Study of Example Forgetting during Deep Neural Network Learning},
  author={Toneva, Mariya and Sordoni, Alessandro and des Combes, Remi Tachet and Trischler, Adam and Bengio, Yoshua and Gordon, Geoffrey J},
  booktitle={International Conference on Learning Representations (ICLR)},
  year={2018},
  note={\url{https://arxiv.org/abs/1812.05159}}
}

@inproceedings{coleman2020selection,
  title={Selection via Proxy: Efficient Data Selection for Deep Learning},
  author={Coleman, C and Yeh, C and Mussmann, S and Mirzasoleiman, B and Bailis, P and Liang, P and Leskovec, J and Zaharia, M},
  booktitle={International Conference on Learning Representations (ICLR)},
  year={2020},
  note={\url{https://arxiv.org/abs/1906.11829}}
}

@inproceedings{srinivasan2021wit,
  title={Wit: Wikipedia-based image text dataset for multimodal multilingual machine learning},
  author={Srinivasan, Krishna and Raman, Karthik and Chen, Jiecao and Bendersky, Michael and Najork, Marc},
  booktitle={44th International ACM SIGIR Conference on Research and Development in Information Retrieval},
  year={2021},
  note={\url{https://arxiv.org/abs/2103.01913}}
}


@misc{desai2021redcaps,
  title         = {RedCaps: Web-curated image-text data created by the people, for the people},
  author        = {Desai, Karan and Kaul, Gaurav and Aysola, Zubin and Johnson, Justin},
  year          = {2021},
  note  = {\url{https://arxiv.org/abs/2111.11431}},
}


@inproceedings{ramesh2021zero,
  title={Zero-shot text-to-image generation},
  author={Ramesh, Aditya and Pavlov, Mikhail and Goh, Gabriel and Gray, Scott and Voss, Chelsea and Radford, Alec and Chen, Mark and Sutskever, Ilya},
  booktitle={International Conference on Machine Learning (ICML)},
  year={2021},
  note={\url{https://arxiv.org/abs/2102.12092}}
}

@inproceedings{rombach2022high,
  title={High-resolution image synthesis with latent diffusion models},
  author={Rombach, Robin and Blattmann, Andreas and Lorenz, Dominik and Esser, Patrick and Ommer, Bj{\"o}rn},
  booktitle={Conference on Computer Vision and Pattern Recognition (CVPR)},
  year={2022},
  note={\url{https://arxiv.org/abs/2112.10752}}
}



@inproceedings{rojas2022dollar,
title={The Dollar Street Dataset: Images Representing the Geographic and Socioeconomic Diversity of the World},
author={William A Gaviria Rojas and Sudnya Diamos and Keertan Ranjan Kini and David Kanter and Vijay Janapa Reddi and Cody Coleman},
booktitle={Advances in Neural Information Processing Systems (NeurIPS) Datasets and Benchmarks Track},
year={2022},
note={\url{https://openreview.net/forum?id=qnfYsave0U4}}
}

@misc{ramaswamy2022geode,
  title         = {Beyond web-scraping: {C}rowd-sourcing a geodiverse datase},
  author        = {Vikram V. Ramaswamy and Sing Yu Lin and Dora Zhao and Aaron B. Adcock and Laurens van der Maaten and Deepti Ghadiyaram and Olga Russakovsky},
  year          = {2023},
  note  = {\url{https://arxiv.org/abs/2301.02560}},
}

@misc{bitton2022winogavil,
  title         = {{WinoGAViL}: Gamified Association Benchmark to Challenge Vision-and-Language Models},
  author        = {Bitton, Yonatan and Guetta, Nitzan Bitton and Yosef, Ron and Elovici, Yuval and Bansal, Mohit and Stanovsky, Gabriel and Schwartz, Roy},
  year          = {2022},
  note  = {\url{https://arxiv.org/abs/2207.12576}},
}


@misc{douze2021isc,
  title={The 2021 image similarity dataset and challenge},
  author={Douze, Matthijs and Tolias, Giorgos and Pizzi, Ed and Papakipos, Zo{\"e} and Chanussot, Lowik and Radenovic, Filip and Jenicek, Tomas and Maximov, Maxim and Leal-Taix{\'e}, Laura and Elezi, Ismail and Chum, Ondrej and Canton{-}Ferrer,
               Cristian},
  note  = {\url{https://arxiv.org/abs/2106.09672}},
  year={2021}
}


@InProceedings{joulin2017bag,
  title={Bag of Tricks for Efficient Text Classification},
  author={Joulin, Armand and Grave, Edouard and Bojanowski, Piotr and Mikolov, Tomas},
  booktitle={Conference of the European Chapter of the Association for Computational Linguistics (EACL)},
  year={2017},
  note={\url{https://arxiv.org/abs/1607.01759}}
}

@article{radford2022robust,
  title={Robust speech recognition via large-scale weak supervision},
  author={Radford, Alec and Kim, Jong Wook and Xu, Tao and Brockman, Greg and McLeavey, Christine and Sutskever, Ilya},
  journal={arXiv preprint},
  year={2022}
}

@misc{webster2023deduplication,
      title={On the De-duplication of LAION-2B}, 
      author={Ryan Webster and Julien Rabin and Loic Simon and Frederic Jurie},
      year={2023},
      note={\url{https://arxiv.org/abs/2303.12733}},
}

@misc{carlini2023poisoning,
  title={Poisoning Web-Scale Training Datasets is Practical},
  author={Carlini, Nicholas and Jagielski, Matthew and Choquette-Choo, Christopher A and Paleka, Daniel and Pearce, Will and Anderson, Hyrum and Terzis, Andreas and Thomas, Kurt and Tram{\`e}r, Florian},
  year={2023},
  note={\url{https://arxiv.org/abs/2302.10149}},
}

%% Weak Supervision
@misc{zhang2022survey,
  title={A survey on programmatic weak supervision},
  author={Zhang, Jieyu and Hsieh, Cheng-Yu and Yu, Yue and Zhang, Chao and Ratner, Alexander},
  year={2022},
  note={\url{https://arxiv.org/abs/2202.05433}},
}

@inproceedings{zhang2021wrench,
title={{WRENCH}: A Comprehensive Benchmark for Weak Supervision},
author={Jieyu Zhang and Yue Yu and Yinghao Li and Yujing Wang and Yaming Yang and Mao Yang and Alexander Ratner},
booktitle={NeurIPS},
year={2021},
url={https://openreview.net/forum?id=Q9SKS5k8io}
}

@inproceedings{bach2019snorkel,
  title={Snorkel drybell: A case study in deploying weak supervision at industrial scale},
  author={Bach, Stephen H and Rodriguez, Daniel and Liu, Yintao and Luo, Chong and Shao, Haidong and Xia, Cassandra and Sen, Souvik and Ratner, Alex and Hancock, Braden and Alborzi, Houman and Kuchhal, Rahul and R{\'e}, Christopher and Malkin, Rob},
  booktitle={Special Interest Group on Management of Data (SIGMOD)},
  year={2019},
  note={\url{https://arxiv.org/abs/1812.00417}}
}


@inproceedings{Overton,
  author       = {Christopher R{\'{e}}},
  title        = {Overton: {A} Data System for Monitoring and Improving Machine-Learned
                  Products},
  booktitle    = {10th Conference on Innovative Data Systems Research, {CIDR} 2020,
                  Amsterdam, The Netherlands, January 12-15, 2020, Online Proceedings},
  publisher    = {www.cidrdb.org},
  year         = {2020},
  url          = {http://cidrdb.org/cidr2020/papers/p33-re-cidr20.pdf},
  timestamp    = {Mon, 18 Jul 2022 17:13:00 +0200},
  biburl       = {https://dblp.org/rec/conf/cidr/Re20.bib},
  bibsource    = {dblp computer science bibliography, https://dblp.org}
}

@inproceedings{Ratner16,
  title={Data programming: Creating large training sets, quickly},
  author={Ratner, Alexander J and De Sa, Christopher M and Wu, Sen and Selsam, Daniel and R{\'e}, Christopher},
  booktitle={Advances in Neural Information Processing Systems (NeurIPS)},
  note={\url{https://arxiv.org/abs/1605.07723}},
  year={2016},
}

@inproceedings{ratner2017snorkel,
  title={Snorkel: Rapid training data creation with weak supervision},
  author={Ratner, Alexander J and Bach, Stephen H and Ehrenberg, Henry and Fries, Jason and Wu, Sen and R{\'e}, Christopher},
  booktitle={Very Large Data Bases Conference (VLDB)},
  year={2017},
  note={\url{ https://arxiv.org/abs/1711.10160}}
}

@inproceedings{hoffmann2011knowledge,
  title={Knowledge-based weak supervision for information extraction of overlapping relations},
  author={Hoffmann, Raphael and Zhang, Congle and Ling, Xiao and Zettlemoyer, Luke and Weld, Daniel S},
  booktitle={Annual Meeting of the Association for Computational Linguistics (ACL)},
  year={2011},
  note={\url{https://aclanthology.org/P11-1055}}
}

@inproceedings{yuen2011survey,
  title={A survey of crowdsourcing systems},
  author={Yuen, Man-Ching and King, Irwin and Leung, Kwong-Sak},
  booktitle={SocialCom},
  year={2011},
  organization={IEEE},
  note={\url{https://ieeexplore.ieee.org/document/6113213}}
}

@inproceedings{
Awasthi2020Learning,
title={Learning from Rules Generalizing Labeled Exemplars},
author={Abhijeet Awasthi and Sabyasachi Ghosh and Rasna Goyal and Sunita Sarawagi},
booktitle={International Conference on Learning Representations (ICLR)},
year={2020},
note={\url{https://openreview.net/forum?id=SkeuexBtDr}}
}

@inproceedings{dataset-cartography,
    title = "Dataset Cartography: Mapping and Diagnosing Datasets with Training Dynamics",
    author = {Swayamdipta, Swabha  and
      Schwartz, Roy  and
      Lourie, Nicholas  and
      Wang, Yizhong  and
      Hajishirzi, Hannaneh  and
      Smith, Noah A.  and
      Choi, Yejin},
    booktitle = {Conference on Empirical Methods in Natural Language Processing (EMNLP)},
    year = {2020},
    note = {\url{https://aclanthology.org/2020.emnlp-main.746}},
}

@inproceedings{gururangan-etal-2018-annotation,
    title = "Annotation Artifacts in Natural Language Inference Data",
    author = "Gururangan, Suchin  and
      Swayamdipta, Swabha  and
      Levy, Omer  and
      Schwartz, Roy  and
      Bowman, Samuel  and
      Smith, Noah A.",
    booktitle = "Conference of the North {A}merican Chapter of the Association for Computational Linguistics (NAACL)",
    year = "2018",
    note = {\url{https://aclanthology.org/N18-2017}},
}

@inproceedings{ethayarajh2022understanding,
  title={Understanding Dataset Difficulty with V-Usable Information},
  author={Ethayarajh, Kawin and Choi, Yejin and Swayamdipta, Swabha},
  booktitle={International Conference on Machine Learning (ICML)},
  year={2022},
  note={\url{https://arxiv.org/abs/2110.08420}}
}

@inproceedings{li2019repair,
  title={Repair: Removing representation bias by dataset resampling},
  author={Li, Yi and Vasconcelos, Nuno},
  booktitle={Conference on Computer Vision and Pattern Recognition (CVPR)},
  year={2019},
  note={\url{https://arxiv.org/abs/1904.07911}}
}

@inproceedings{le2020adversarial,
  title={Adversarial filters of dataset biases},
  author={Le Bras, Ronan and Swayamdipta, Swabha and Bhagavatula, Chandra and Zellers, Rowan and Peters, Matthew and Sabharwal, Ashish and Choi, Yejin},
  booktitle={International Conference on Machine Learning (ICML)},
  year={2020},
  note={\url{https://arxiv.org/abs/2002.04108}}
}

@article{mann2010generalized,
  title={Generalized Expectation Criteria for Semi-Supervised Learning with Weakly Labeled Data.},
  author={Mann, Gideon S and McCallum, Andrew},
  journal={Journal of Machine Learning Research (JMLR)},
  year={2010},
  note={\url{https://www.jmlr.org/papers/v11/mann10a.html}}
}

@inproceedings{Ratner19,
 title    = {Training Complex Models with Multi-Task Weak Supervision},
 author    = {A. J. Ratner and B. Hancock and J. Dunnmon and F. Sala and S. Pandey and C. R\'{e}},
 year      = {2019},
 booktitle     = {Association for the Advancement of Artificial Intelligence (AAAI)},
 note = {\url{https://arxiv.org/abs/1810.02840}}
}

@inproceedings{fu2020fast,
  author = {Daniel Y. Fu and Mayee F. Chen and Frederic Sala and Sarah M. Hooper and Kayvon Fatahalian and Christopher R\'e},
  title = {Fast and Three-rious: Speeding Up Weak Supervision with Triplet Methods},
  booktitle = {International Conference on Machine Learning (ICML)},
  year = {2020},
  note={\url{https://arxiv.org/abs/2002.11955}}
}

@inproceedings{shin2021universalizing,
  title={Universalizing Weak Supervision},
  author={Shin, Changho and Li, Winfred and Vishwakarma, Harit and Roberts, Nicholas and Sala, Frederic},
  booktitle={International Conference on Learning Representations (ICLR)},
  year={2022},
  note={\url{https://openreview.net/forum?id=YpPiNigTzMT}}
}

@misc{ilyas2022datamodels,
  title={Datamodels: Predicting predictions from training data},
  author={Ilyas, Andrew and Park, Sung Min and Engstrom, Logan and Leclerc, Guillaume and Madry, Aleksander},
  note={\url{https://arxiv.org/abs/2202.00622}},
  year={2022}
}

@inproceedings{koh2017understanding,
  title={Understanding black-box predictions via influence functions},
  author={Koh, Pang Wei and Liang, Percy},
  booktitle={International Conference on Machine Learning (ICML)},
  year={2017},
}

@article{koh2019accuracy,
  title={On the accuracy of influence functions for measuring group effects},
  author={Koh, Pang Wei and Ang, Kai-Siang and Teo, Hubert and Liang, Percy S},
  journal={Advances in Neural Information Processing Systems (NeurIPS)},
  year={2019}
}

@article{pruthi2020estimating,
  title={Estimating training data influence by tracing gradient descent},
  author={Pruthi, Garima and Liu, Frederick and Kale, Satyen and Sundararajan, Mukund},
  journal={Advances in Neural Information Processing Systems (NeurIPS)},
  year={2020},
  note={\url{https://arxiv.org/abs/2002.08484}}
}

@article{bahri2021explaining,
  title={Explaining neural scaling laws},
  author={Bahri, Yasaman and Dyer, Ethan and Kaplan, Jared and Lee, Jaehoon and Sharma, Utkarsh},
  journal={arXiv preprint},
  year={2021},
  note={\url{https://arxiv.org/abs/2102.06701}}
}


@article{yeh2018representer,
  title={Representer point selection for explaining deep neural networks},
  author={Yeh, Chih-Kuan and Kim, Joon and Yen, Ian En-Hsu and Ravikumar, Pradeep K},
  journal={Advances in neural information processing systems},
  volume={31},
  year={2018}
}

@article{guo2020fastif,
  title={Fastif: Scalable influence functions for efficient model interpretation and debugging},
  author={Guo, Han and Rajani, Nazneen Fatema and Hase, Peter and Bansal, Mohit and Xiong, Caiming},
  journal={arXiv preprint},
  year={2020}
}

@article{han2020explaining,
  title={Explaining black box predictions and unveiling data artifacts through influence functions},
  author={Han, Xiaochuang and Wallace, Byron C and Tsvetkov, Yulia},
  journal={arXiv preprint},
  year={2020}
}

@article{guu2023simfluence,
  title={Simfluence: Modeling the Influence of Individual Training Examples by Simulating Training Runs},
  author={Guu, Kelvin and Webson, Albert and Pavlick, Ellie and Dixon, Lucas and Tenney, Ian and Bolukbasi, Tolga},
  journal={arXiv preprint},
  year={2023}
}

@article{hampel1974influence,
  title={The influence curve and its role in robust estimation},
  author={Hampel, Frank R},
  journal={Journal of the american statistical association},
  volume={69},
  number={346},
  pages={383--393},
  year={1974},
  publisher={Taylor \& Francis}
}

@article{cook1977detection,
  title={Detection of Influential Observation in Linear},
  author={Cook, R Dennis},
  journal={Technometrics},
  volume={19},
  number={1},
  pages={15--18},
  year={1977},
  publisher={Citeseer}
}

@inproceedings{ghorbani2019data,
  title={Data shapley: Equitable valuation of data for machine learning},
  author={Ghorbani, Amirata and Zou, James},
  booktitle={International Conference on Machine Learning},
  pages={2242--2251},
  year={2019},
  organization={PMLR}
}

@inproceedings{krizhevsky2012imagenet,
 title={Imagenet classification with deep convolutional neural networks},   
 author = {Krizhevsky, Alex and Sutskever, Ilya and Hinton, Geoffrey E},
 booktitle = {Advances in Neural Information Processing Systems (NeurIPS)},
 year = {2012}
}

@inproceedings{ivgi2022scaling,
  title={Scaling Laws Under the Microscope: Predicting Transformer Performance from Small Scale Experiments},
  author={Ivgi, Maor and Carmon, Yair and Berant, Jonathan},
  booktitle={Conference on Empirical Methods in Natural Language Processing (EMNLP)},
  year={2022},
  note={\url{https://aclanthology.org/2022.findings-emnlp.544}}
}

@article{Isik2024ScalingLF,
  title={Scaling Laws for Downstream Task Performance of Large Language Models},
  author={Berivan Isik and Natalia Ponomareva and Hussein Hazimeh and Dimitris Paparas and Sergei Vassilvitskii and Sanmi Koyejo},
  journal={arXiv},
  year={2024},
  note={\url{https://arxiv.org/abs/2402.04177}}
}

@inproceedings{papineni-etal-2002-bleu,
    title = "{B}leu: a Method for Automatic Evaluation of Machine Translation",
    author = "Papineni, Kishore  and
      Roukos, Salim  and
      Ward, Todd  and
      Zhu, Wei-Jing",
    booktitle = {Annual Meeting of the Association for Computational Linguistics (ACL)},
    note = {\url{https://aclanthology.org/P02-1040}},
   year = 2002
}

@inproceedings{wei2022emergent,
    title={Emergent Abilities of Large Language Models},
    author={Jason Wei and Yi Tay and Rishi Bommasani and Colin Raffel and Barret Zoph and Sebastian Borgeaud and Dani Yogatama and Maarten Bosma and Denny Zhou and Donald Metzler and Ed H. Chi and Tatsunori Hashimoto and Oriol Vinyals and Percy Liang and Jeff Dean and William Fedus},
    booktitle={Transactions on Machine Learning Research (TMLR)},
    year={2022},
    note={\url{https://openreview.net/forum?id=yzkSU5zdwD}},
}