@article{min2023recent,
  title={Recent advances in natural language processing via large pre-trained language models: A survey},
  author={Min, Bonan and Ross, Hayley and Sulem, Elior and Veyseh, Amir Pouran Ben and Nguyen, Thien Huu and Sainz, Oscar and Agirre, Eneko and Heintz, Ilana and Roth, Dan},
  journal={ACM Computing Surveys},
  volume={56},
  number={2},
  pages={1--40},
  year={2023},
  publisher={ACM New York, NY}
}

@article{srivastava2022beyond,
  title={Beyond the imitation game: Quantifying and extrapolating the capabilities of language models},
  author={Srivastava, Aarohi and Rastogi, Abhinav and Rao, Abhishek and Shoeb, Abu Awal Md and Abid, Abubakar and Fisch, Adam and Brown, Adam R and Santoro, Adam and Gupta, Aditya and Garriga-Alonso, Adri{\`a} and others},
  journal={arXiv preprint arXiv:2206.04615},
  year={2022}
}

@article{toneva2019interpreting,
  title={Interpreting and improving natural-language processing (in machines) with natural language-processing (in the brain)},
  author={Toneva, Mariya and Wehbe, Leila},
  journal={Advances in neural information processing systems},
  volume={32},
  year={2019}
}

@article{abnar2019blackbox,
  title={Blackbox meets blackbox: Representational similarity and stability analysis of neural language models and brains},
  author={Abnar, Samira and Beinborn, Lisa and Choenni, Rochelle and Zuidema, Willem},
  journal={arXiv preprint arXiv:1906.01539},
  year={2019}
}

@article{schrimpf2021neural,
  title={The neural architecture of language: Integrative modeling converges on predictive processing},
  author={Schrimpf, Martin and Blank, Idan Asher and Tuckute, Greta and Kauf, Carina and Hosseini, Eghbal A and Kanwisher, Nancy and Tenenbaum, Joshua B and Fedorenko, Evelina},
  journal={Proceedings of the National Academy of Sciences},
  volume={118},
  number={45},
  pages={e2105646118},
  year={2021},
  publisher={National Acad Sciences}
}

@article{caucheteux2020language,
  title={Language processing in brains and deep neural networks: computational convergence and its limits},
  author={Caucheteux, Charlotte and King, Jean-R{\'e}mi},
  journal={BioRxiv},
  pages={2020--07},
  year={2020},
  publisher={Cold Spring Harbor Laboratory}
}

@article{goldstein2022shared,
  title={Shared computational principles for language processing in humans and deep language models},
  author={Goldstein, Ariel and Zada, Zaid and Buchnik, Eliav and Schain, Mariano and Price, Amy and Aubrey, Bobbi and Nastase, Samuel A and Feder, Amir and Emanuel, Dotan and Cohen, Alon and others},
  journal={Nature neuroscience},
  volume={25},
  number={3},
  pages={369--380},
  year={2022},
  publisher={Nature Publishing Group US New York}
}

@article{antonello2023scaling,
  title={Scaling laws for language encoding models in fMRI},
  author={Antonello, Richard and Vaidya, Aditya and Huth, Alexander G},
  journal={arXiv preprint arXiv:2305.11863},
  year={2023}
}

@article{caucheteux2023evidence,
  title={Evidence of a predictive coding hierarchy in the human brain listening to speech},
  author={Caucheteux, Charlotte and Gramfort, Alexandre and King, Jean-R{\'e}mi},
  journal={Nature human behaviour},
  volume={7},
  number={3},
  pages={430--441},
  year={2023},
  publisher={Nature Publishing Group UK London}
}

@article{caucheteux2022brains,
  title={Brains and algorithms partially converge in natural language processing},
  author={Caucheteux, Charlotte and King, Jean-R{\'e}mi},
  journal={Communications biology},
  volume={5},
  number={1},
  pages={134},
  year={2022},
  publisher={Nature Publishing Group UK London}
}

@article{hosseini2022artificial,
  title={Artificial neural network language models align neurally and behaviorally with humans even after a developmentally realistic amount of training},
  author={Hosseini, Eghbal A and Schrimpf, Martin and Zhang, Yian and Bowman, Samuel and Zaslavsky, Noga and Fedorenko, Evelina},
  journal={BioRxiv},
  pages={2022--10},
  year={2022},
  publisher={Cold Spring Harbor Laboratory}
}

@article{antonello2023predictive,
  title={Predictive coding or just feature discovery? an alternative account of why language models fit brain data},
  author={Antonello, Richard and Huth, Alexander},
  journal={Neurobiology of Language},
  pages={1--16},
  year={2023},
  publisher={MIT Press One Broadway, 12th Floor, Cambridge, Massachusetts 02142, USA~â€¦}
}

@article{anderson2021deep,
  title={Deep artificial neural networks reveal a distributed cortical network encoding propositional sentence-level meaning},
  author={Anderson, Andrew James and Kiela, Douwe and Binder, Jeffrey R and Fernandino, Leonardo and Humphries, Colin J and Conant, Lisa L and Raizada, Rajeev DS and Grimm, Scott and Lalor, Edmund C},
  journal={Journal of Neuroscience},
  volume={41},
  number={18},
  pages={4100--4119},
  year={2021},
  publisher={Soc Neuroscience}
}

@article{goldstein1977artificial,
  title={Artificial intelligence, language, and the study of knowledge},
  author={Goldstein, Ira and Papert, Seymour},
  journal={Cognitive science},
  volume={1},
  number={1},
  pages={84--123},
  year={1977},
  publisher={Elsevier}
}


@incollection{lehman2013role,
  title={The role of language in cognition: A computational inquiry},
  author={Lehman, Jill Fain and Newell, Allen and Polk, Thad and Lewis, Richard L},
  booktitle={Conceptions of the Human Mind},
  pages={39--58},
  year={2013},
  publisher={Psychology Press}
}

@article{jiang2023mistral,
  title={Mistral 7B},
  author={Jiang, Albert Q and Sablayrolles, Alexandre and Mensch, Arthur and Bamford, Chris and Chaplot, Devendra Singh and Casas, Diego de las and Bressand, Florian and Lengyel, Gianna and Lample, Guillaume and Saulnier, Lucile and others},
  journal={arXiv preprint arXiv:2310.06825},
  year={2023}
}

@article{baumann2013unified,
  title={A unified framework for the organization of the primate auditory cortex},
  author={Baumann, Simon and Petkov, Christopher I and Griffiths, Timothy D},
  journal={Frontiers in systems neuroscience},
  volume={7},
  pages={11},
  year={2013},
  publisher={Frontiers Media SA}
}

@article{norman2018neural,
  title={Neural responses to natural and model-matched stimuli reveal distinct computations in primary and nonprimary auditory cortex},
  author={Norman-Haignere, Sam V and McDermott, Josh H},
  journal={PLoS biology},
  volume={16},
  number={12},
  pages={e2005127},
  year={2018},
  publisher={Public Library of Science San Francisco, CA USA}
}

@article{mischler2023deep,
  title={Deep neural networks effectively model neural adaptation to changing background noise and suggest nonlinear noise filtering methods in auditory cortex},
  author={Mischler, Gavin and Keshishian, Menoua and Bickel, Stephan and Mehta, Ashesh D and Mesgarani, Nima},
  journal={NeuroImage},
  volume={266},
  pages={119819},
  year={2023},
  publisher={Elsevier}
}

@inproceedings{kornblith2019similarity,
  title={Similarity of neural network representations revisited},
  author={Kornblith, Simon and Norouzi, Mohammad and Lee, Honglak and Hinton, Geoffrey},
  booktitle={International conference on machine learning},
  pages={3519--3529},
  year={2019},
  organization={PMLR}
}

@article{caucheteux2022deep,
  title={Deep language algorithms predict semantic comprehension from brain activity},
  author={Caucheteux, Charlotte and Gramfort, Alexandre and King, Jean-R{\'e}mi},
  journal={Scientific reports},
  volume={12},
  number={1},
  pages={16327},
  year={2022},
  publisher={Nature Publishing Group UK London}
}

@article{caucheteux2021long,
  title={Long-range and hierarchical language predictions in brains and algorithms},
  author={Caucheteux, Charlotte and Gramfort, Alexandre and King, Jean-Remi},
  journal={arXiv preprint arXiv:2111.14232},
  year={2021}
}

@article{cichy2016comparison,
  title={Comparison of deep neural networks to spatio-temporal cortical dynamics of human visual object recognition reveals hierarchical correspondence},
  author={Cichy, Radoslaw Martin and Khosla, Aditya and Pantazis, Dimitrios and Torralba, Antonio and Oliva, Aude},
  journal={Scientific reports},
  volume={6},
  number={1},
  pages={27755},
  year={2016},
  publisher={Nature Publishing Group UK London}
}

@article{nonaka2021brain,
  title={Brain hierarchy score: Which deep neural networks are hierarchically brain-like?},
  author={Nonaka, Soma and Majima, Kei and Aoki, Shuntaro C and Kamitani, Yukiyasu},
  journal={IScience},
  volume={24},
  number={9},
  year={2021},
  publisher={Elsevier}
}

@article{horikawa2017hierarchical,
  title={Hierarchical neural representation of dreamed objects revealed by brain decoding with deep neural network features},
  author={Horikawa, Tomoyasu and Kamitani, Yukiyasu},
  journal={Frontiers in computational neuroscience},
  volume={11},
  pages={4},
  year={2017},
  publisher={Frontiers Media SA}
}

@article{sexton2022reassessing,
  title={Reassessing hierarchical correspondences between brain and deep networks through direct interface},
  author={Sexton, Nicholas J and Love, Bradley C},
  journal={Science Advances},
  volume={8},
  number={28},
  pages={eabm2219},
  year={2022},
  publisher={American Association for the Advancement of Science}
}

@article{kumar2022reconstructing,
  title={Reconstructing the cascade of language processing in the brain using the internal computations of a transformer-based language model},
  author={Kumar, Sreejan and Sumers, Theodore R and Yamakoshi, Takateru and Goldstein, Ariel and Hasson, Uri and Norman, Kenneth A and Griffiths, Thomas L and Hawkins, Robert D and Nastase, Samuel A},
  journal={BioRxiv},
  pages={2022--06},
  year={2022},
  publisher={Cold Spring Harbor Laboratory}
}

@article{vaswani2017attention,
  title={Attention is all you need},
  author={Vaswani, Ashish and Shazeer, Noam and Parmar, Niki and Uszkoreit, Jakob and Jones, Llion and Gomez, Aidan N and Kaiser, {\L}ukasz and Polosukhin, Illia},
  journal={Advances in neural information processing systems},
  volume={30},
  year={2017}
}

@inproceedings{caucheteux2021disentangling,
  title={Disentangling syntax and semantics in the brain with deep networks},
  author={Caucheteux, Charlotte and Gramfort, Alexandre and King, Jean-Remi},
  booktitle={International conference on machine learning},
  pages={1336--1348},
  year={2021},
  organization={PMLR}
}

@article{sun2020neural,
  title={Neural encoding and decoding with distributed sentence representations},
  author={Sun, Jingyuan and Wang, Shaonan and Zhang, Jiajun and Zong, Chengqing},
  journal={IEEE Transactions on Neural Networks and Learning Systems},
  volume={32},
  number={2},
  pages={589--603},
  year={2020},
  publisher={IEEE}
}

@article{kriegeskorte2015deep,
  title={Deep neural networks: a new framework for modeling biological vision and brain information processing},
  author={Kriegeskorte, Nikolaus},
  journal={Annual review of vision science},
  volume={1},
  pages={417--446},
  year={2015},
  publisher={Annual Reviews}
}

@article{o2021context,
  title={What Context Features Can Transformer Language Models Use?},
  author={O'Connor, Joe and Andreas, Jacob},
  journal={arXiv preprint arXiv:2106.08367},
  year={2021}
}

@article{clark2019does,
  title={What does bert look at? an analysis of bert's attention},
  author={Clark, Kevin and Khandelwal, Urvashi and Levy, Omer and Manning, Christopher D},
  journal={arXiv preprint arXiv:1906.04341},
  year={2019}
}

@article{ethayarajh2019contextual,
  title={How contextual are contextualized word representations? Comparing the geometry of BERT, ELMo, and GPT-2 embeddings},
  author={Ethayarajh, Kawin},
  journal={arXiv preprint arXiv:1909.00512},
  year={2019}
}

@article{tenney2019bert,
  title={BERT rediscovers the classical NLP pipeline},
  author={Tenney, Ian and Das, Dipanjan and Pavlick, Ellie},
  journal={arXiv preprint arXiv:1905.05950},
  year={2019}
}


@article{sheng2019cortical,
  title={The cortical maps of hierarchical linguistic structures during speech perception},
  author={Sheng, Jingwei and Zheng, Li and Lyu, Bingjiang and Cen, Zhehang and Qin, Lang and Tan, Li Hai and Huang, Ming-Xiong and Ding, Nai and Gao, Jia-Hong},
  journal={Cerebral cortex},
  volume={29},
  number={8},
  pages={3232--3240},
  year={2019},
  publisher={Oxford University Press}
}

@article{kaufeld2020linguistic,
  title={Linguistic structure and meaning organize neural oscillations into a content-specific hierarchy},
  author={Kaufeld, Greta and Bosker, Hans Rutger and Ten Oever, Sanne and Alday, Phillip M and Meyer, Antje S and Martin, Andrea E},
  journal={Journal of Neuroscience},
  volume={40},
  number={49},
  pages={9467--9475},
  year={2020},
  publisher={Soc Neuroscience}
}

@article{ding2017characterizing,
  title={Characterizing neural entrainment to hierarchical linguistic units using electroencephalography (EEG)},
  author={Ding, Nai and Melloni, Lucia and Yang, Aotian and Wang, Yu and Zhang, Wen and Poeppel, David},
  journal={Frontiers in human neuroscience},
  volume={11},
  pages={481},
  year={2017},
  publisher={Frontiers Media SA}
}

@article{hasson2008hierarchy,
  title={A hierarchy of temporal receptive windows in human cortex},
  author={Hasson, Uri and Yang, Eunice and Vallines, Ignacio and Heeger, David J and Rubin, Nava},
  journal={Journal of Neuroscience},
  volume={28},
  number={10},
  pages={2539--2550},
  year={2008},
  publisher={Soc Neuroscience}
}

@article{lerner2011topographic,
  title={Topographic mapping of a hierarchy of temporal receptive windows using a narrated story},
  author={Lerner, Yulia and Honey, Christopher J and Silbert, Lauren J and Hasson, Uri},
  journal={Journal of Neuroscience},
  volume={31},
  number={8},
  pages={2906--2915},
  year={2011},
  publisher={Soc Neuroscience}
}

@article{edwards2009comparison,
  title={Comparison of time--frequency responses and the event-related potential to auditory speech stimuli in human cortex},
  author={Edwards, Erik and Soltani, Maryam and Kim, Won and Dalal, Sarang S and Nagarajan, Srikantan S and Berger, Mitchel S and Knight, Robert T},
  journal={Journal of neurophysiology},
  volume={102},
  number={1},
  pages={377--386},
  year={2009},
  publisher={American Physiological Society}
}

@article{ray2011different,
  title={Different origins of gamma rhythm and high-gamma activity in macaque visual cortex},
  author={Ray, Supratim and Maunsell, John HR},
  journal={PLoS biology},
  volume={9},
  number={4},
  pages={e1000610},
  year={2011},
  publisher={Public Library of Science San Francisco, USA}
}

@article{bouchard2013functional,
  title={Functional organization of human sensorimotor cortex for speech articulation},
  author={Bouchard, Kristofer E and Mesgarani, Nima and Johnson, Keith and Chang, Edward F},
  journal={Nature},
  volume={495},
  number={7441},
  pages={327--332},
  year={2013},
  publisher={Nature Publishing Group UK London}
}

@article{mesgarani2014phonetic,
  title={Phonetic feature encoding in human superior temporal gyrus},
  author={Mesgarani, Nima and Cheung, Connie and Johnson, Keith and Chang, Edward F},
  journal={Science},
  volume={343},
  number={6174},
  pages={1006--1010},
  year={2014},
  publisher={American Association for the Advancement of Science}
}

@article{steinschneider2008spectrotemporal,
  title={Spectrotemporal analysis of evoked and induced electroencephalographic responses in primary auditory cortex (A1) of the awake monkey},
  author={Steinschneider, Mitchell and Fishman, Yonatan I and Arezzo, Joseph C},
  journal={Cerebral Cortex},
  volume={18},
  number={3},
  pages={610--625},
  year={2008},
  publisher={Oxford University Press}
}

@article{taylor2022galactica,
  title={Galactica: A large language model for science},
  author={Taylor, Ross and Kardas, Marcin and Cucurull, Guillem and Scialom, Thomas and Hartshorn, Anthony and Saravia, Elvis and Poulton, Andrew and Kerkez, Viktor and Stojnic, Robert},
  journal={arXiv preprint arXiv:2211.09085},
  year={2022}
}

@article{touvron2023llama,
  title={Llama: Open and efficient foundation language models},
  author={Touvron, Hugo and Lavril, Thibaut and Izacard, Gautier and Martinet, Xavier and Lachaux, Marie-Anne and Lacroix, Timoth{\'e}e and Rozi{\`e}re, Baptiste and Goyal, Naman and Hambro, Eric and Azhar, Faisal and others},
  journal={arXiv preprint arXiv:2302.13971},
  year={2023}
}

@article{touvron2023llama2,
  title={Llama 2: Open foundation and fine-tuned chat models},
  author={Touvron, Hugo and Martin, Louis and Stone, Kevin and Albert, Peter and Almahairi, Amjad and Babaei, Yasmine and Bashlykov, Nikolay and Batra, Soumya and Bhargava, Prajjwal and Bhosale, Shruti and others},
  journal={arXiv preprint arXiv:2307.09288},
  year={2023}
}

@misc{leo2023leohessianai,
  title = {LAION LeoLM: Linguistically Enhanced Open Language Model},
  howpublished = {\url{https://huggingface.co/LeoLM/leo-hessianai-13b}},
  note = {Accessed: 2023-10-01}
}

@misc{xwin2023xwin,
  title = {Xwin-LM: Powerful, Stable, and Reproducible LLM Alignment},
  howpublished = {\url{https://huggingface.co/Xwin-LM/Xwin-LM-7B-V0.2}},
  note = {Accessed: 2023-10-01}
}

@article{almazrouei2023falcon,
  title={The Falcon Series of Open Language Models},
  author={Almazrouei, Ebtesam and Alobeidli, Hamza and Alshamsi, Abdulaziz and Cappelli, Alessandro and Cojocaru, Ruxandra and Hesslow, Daniel and Launay, Julien and Malartic, Quentin and Mazzotta, Daniele and Noune, Badreddine and others},
  journal={arXiv preprint arXiv:2311.16867},
  year={2023}
}

@misc{mosaic2023introducing,
  title={Introducing mpt-7b: A new standard for open-source, commercially usable llms},
  howpublished = {\url{https://www.mosaicml.com/blog/mpt-7b}},
  author={NLP Team, MosaicML},
  year={2023},
  publisher={Accessed: 2023-10-01}
}


@article{zhang2022opt,
  title={Opt: Open pre-trained transformer language models},
  author={Zhang, Susan and Roller, Stephen and Goyal, Naman and Artetxe, Mikel and Chen, Moya and Chen, Shuohui and Dewan, Christopher and Diab, Mona and Li, Xian and Lin, Xi Victoria and others},
  journal={arXiv preprint arXiv:2205.01068},
  year={2022}
}

@inproceedings{biderman2023pythia,
  title={Pythia: A suite for analyzing large language models across training and scaling},
  author={Biderman, Stella and Schoelkopf, Hailey and Anthony, Quentin Gregory and Bradley, Herbie and Oâ€™Brien, Kyle and Hallahan, Eric and Khan, Mohammad Aflah and Purohit, Shivanshu and Prashanth, USVSN Sai and Raff, Edward and others},
  booktitle={International Conference on Machine Learning},
  pages={2397--2430},
  year={2023},
  organization={PMLR}
}

@article{dey2023cerebras,
  title={Cerebras-GPT: Open compute-optimal language models trained on the Cerebras wafer-scale cluster},
  author={Dey, Nolan and Gosal, Gurpreet and Khachane, Hemant and Marshall, William and Pathria, Ribhu and Tom, Marvin and Hestness, Joel and others},
  journal={arXiv preprint arXiv:2304.03208},
  year={2023}
}

@article{artetxe2021efficient,
  title={Efficient large scale language modeling with mixtures of experts},
  author={Artetxe, Mikel and Bhosale, Shruti and Goyal, Naman and Mihaylov, Todor and Ott, Myle and Shleifer, Sam and Lin, Xi Victoria and Du, Jingfei and Iyer, Srinivasan and Pasunuru, Ramakanth and others},
  journal={arXiv preprint arXiv:2112.10684},
  year={2021}
}

@article{radford2019language,
  title={Language models are unsupervised multitask learners},
  author={Radford, Alec and Wu, Jeffrey and Child, Rewon and Luan, David and Amodei, Dario and Sutskever, Ilya and others},
  journal={OpenAI blog},
  volume={1},
  number={8},
  pages={9},
  year={2019}
}

@article{hickok2007cortical,
  title={The cortical organization of speech processing},
  author={Hickok, Gregory and Poeppel, David},
  journal={Nature reviews neuroscience},
  volume={8},
  number={5},
  pages={393--402},
  year={2007},
  publisher={Nature Publishing Group UK London}
}

@article{sharpee2011hierarchical,
  title={Hierarchical representations in the auditory cortex},
  author={Sharpee, Tatyana O and Atencio, Craig A and Schreiner, Christoph E},
  journal={Current opinion in neurobiology},
  volume={21},
  number={5},
  pages={761--767},
  year={2011},
  publisher={Elsevier}
}

@inproceedings{skrill2023large,
  title={Large language models transition from integrating across position-yoked, exponential windows to structure-yoked, power-law windows},
  author={Skrill, David and Norman-Haignere, Samuel Victor},
  booktitle={Thirty-seventh Conference on Neural Information Processing Systems},
  year={2023}
}

@article{norman2022multiscale,
  title={Multiscale temporal integration organizes hierarchical computation in human auditory cortex},
  author={Norman-Haignere, Sam V and Long, Laura K and Devinsky, Orrin and Doyle, Werner and Irobunda, Ifeoma and Merricks, Edward M and Feldstein, Neil A and McKhann, Guy M and Schevon, Catherine A and Flinker, Adeen and others},
  journal={Nature human behaviour},
  volume={6},
  number={3},
  pages={455--469},
  year={2022},
  publisher={Nature Publishing Group UK London}
}

@article{naveed2023comprehensive,
  title={A comprehensive overview of large language models},
  author={Naveed, Humza and Khan, Asad Ullah and Qiu, Shi and Saqib, Muhammad and Anwar, Saeed and Usman, Muhammad and Barnes, Nick and Mian, Ajmal},
  journal={arXiv preprint arXiv:2307.06435},
  year={2023}
}

@article{lee2021deduplicating,
  title={Deduplicating training data makes language models better},
  author={Lee, Katherine and Ippolito, Daphne and Nystrom, Andrew and Zhang, Chiyuan and Eck, Douglas and Callison-Burch, Chris and Carlini, Nicholas},
  journal={arXiv preprint arXiv:2107.06499},
  year={2021}
}

@article{raffel2020exploring,
  title={Exploring the limits of transfer learning with a unified text-to-text transformer},
  author={Raffel, Colin and Shazeer, Noam and Roberts, Adam and Lee, Katherine and Narang, Sharan and Matena, Michael and Zhou, Yanqi and Li, Wei and Liu, Peter J},
  journal={The Journal of Machine Learning Research},
  volume={21},
  number={1},
  pages={5485--5551},
  year={2020},
  publisher={JMLRORG}
}

@article{zhou2022exploring,
  title={Exploring the brain-like properties of deep neural networks: a neural encoding perspective},
  author={Zhou, Qiongyi and Du, Changde and He, Huiguang},
  journal={Machine Intelligence Research},
  volume={19},
  number={5},
  pages={439--455},
  year={2022},
  publisher={Springer}
}

@article{hasson2020direct,
  title={Direct fit to nature: an evolutionary perspective on biological and artificial neural networks},
  author={Hasson, Uri and Nastase, Samuel A and Goldstein, Ariel},
  journal={Neuron},
  volume={105},
  number={3},
  pages={416--434},
  year={2020},
  publisher={Elsevier}
}

@article{chowdhery2023palm,
  title={Palm: Scaling language modeling with pathways},
  author={Chowdhery, Aakanksha and Narang, Sharan and Devlin, Jacob and Bosma, Maarten and Mishra, Gaurav and Roberts, Adam and Barham, Paul and Chung, Hyung Won and Sutton, Charles and Gehrmann, Sebastian and others},
  journal={Journal of Machine Learning Research},
  volume={24},
  number={240},
  pages={1--113},
  year={2023}
}

@article{yoshihara2023does,
  title={Does training with blurred images bring convolutional neural networks closer to humans with respect to robust object recognition and internal representations?},
  author={Yoshihara, Sou and Fukiage, Taiki and Nishida, Shin'ya},
  journal={Frontiers in Psychology},
  volume={14},
  pages={1047694},
  year={2023},
  publisher={Frontiers}
}

@article{wolf2019huggingface,
  title={Huggingface's transformers: State-of-the-art natural language processing},
  author={Wolf, Thomas and Debut, Lysandre and Sanh, Victor and Chaumond, Julien and Delangue, Clement and Moi, Anthony and Cistac, Pierric and Rault, Tim and Louf, R{\'e}mi and Funtowicz, Morgan and others},
  journal={arXiv preprint arXiv:1910.03771},
  year={2019}
}

@article{pedregosa2011scikit,
  title={Scikit-learn: Machine learning in Python},
  author={Pedregosa, Fabian and Varoquaux, Ga{\"e}l and Gramfort, Alexandre and Michel, Vincent and Thirion, Bertrand and Grisel, Olivier and Blondel, Mathieu and Prettenhofer, Peter and Weiss, Ron and Dubourg, Vincent and others},
  journal={the Journal of machine Learning research},
  volume={12},
  pages={2825--2830},
  year={2011},
  publisher={JMLR. org}
}

@article{keshishian2023joint,
  title={Joint, distributed and hierarchically organized encoding of linguistic features in the human auditory cortex},
  author={Keshishian, Menoua and Akkol, Serdar and Herrero, Jose and Bickel, Stephan and Mehta, Ashesh D and Mesgarani, Nima},
  journal={Nature Human Behaviour},
  volume={7},
  number={5},
  pages={740--753},
  year={2023},
  publisher={Nature Publishing Group UK London}
}

@article{di2021neural,
  title={Neural representation of linguistic feature hierarchy reflects second-language proficiency},
  author={Di Liberto, Giovanni M and Nie, Jingping and Yeaton, Jeremy and Khalighinejad, Bahar and Shamma, Shihab A and Mesgarani, Nima},
  journal={Neuroimage},
  volume={227},
  pages={117586},
  year={2021},
  publisher={Elsevier}
}

@article{de2017hierarchical,
  title={The hierarchical cortical organization of human speech processing},
  author={de Heer, Wendy A and Huth, Alexander G and Griffiths, Thomas L and Gallant, Jack L and Theunissen, Fr{\'e}d{\'e}ric E},
  journal={Journal of Neuroscience},
  volume={37},
  number={27},
  pages={6539--6557},
  year={2017},
  publisher={Soc Neuroscience}
}

@article{nassaji2014role,
  title={The role and importance of lower-level processes in second language reading},
  author={Nassaji, Hossein},
  journal={Language Teaching},
  volume={47},
  number={1},
  pages={1--37},
  year={2014},
  publisher={Cambridge University Press}
}

@article{huth2016natural,
  title={Natural speech reveals the semantic maps that tile human cerebral cortex},
  author={Huth, Alexander G and De Heer, Wendy A and Griffiths, Thomas L and Theunissen, Fr{\'e}d{\'e}ric E and Gallant, Jack L},
  journal={Nature},
  volume={532},
  number={7600},
  pages={453--458},
  year={2016},
  publisher={Nature Publishing Group UK London}
}

@article{pinker1990natural,
  title={Natural language and natural selection},
  author={Pinker, Steven and Bloom, Paul},
  journal={Behavioral and brain sciences},
  volume={13},
  number={4},
  pages={707--727},
  year={1990},
  publisher={Cambridge University Press}
}

@book{deacon1997symbolic,
  title={The symbolic species: The co-evolution of language and the brain},
  author={Deacon, Terrence William},
  number={202},
  year={1997},
  publisher={WW Norton \& Company}
}

@article{gong2023phonemic,
  title={Phonemic segmentation of narrative speech in human cerebral cortex},
  author={Gong, Xue L and Huth, Alexander G and Deniz, Fatma and Johnson, Keith and Gallant, Jack L and Theunissen, Fr{\'e}d{\'e}ric E},
  journal={Nature communications},
  volume={14},
  number={1},
  pages={4309},
  year={2023},
  publisher={Nature Publishing Group UK London}
}

@article{murphy2023spatiotemporal,
  title={The spatiotemporal dynamics of semantic integration in the human brain},
  author={Murphy, Elliot and Forseth, Kiefer J and Donos, Cristian and Snyder, Kathryn M and Rollo, Patrick S and Tandon, Nitin},
  journal={Nature Communications},
  volume={14},
  number={1},
  pages={6336},
  year={2023},
  publisher={Nature Publishing Group UK London}
}

@article{holm1979simple,
  title={A simple sequentially rejective multiple test procedure},
  author={Holm, Sture},
  journal={Scandinavian journal of statistics},
  pages={65--70},
  year={1979},
  publisher={JSTOR}
}

@incollection{hotelling1992relations,
  title={Relations between two sets of variates},
  author={Hotelling, Harold},
  booktitle={Breakthroughs in statistics: methodology and distribution},
  pages={162--190},
  year={1992},
  publisher={Springer}
}


@article{rajpurkar2018know,
  title={Know what you don't know: Unanswerable questions for SQuAD},
  author={Rajpurkar, Pranav and Jia, Robin and Liang, Percy},
  journal={arXiv preprint arXiv:1806.03822},
  year={2018}
}

@article{clark2019boolq,
  title={BoolQ: Exploring the surprising difficulty of natural yes/no questions},
  author={Clark, Christopher and Lee, Kenton and Chang, Ming-Wei and Kwiatkowski, Tom and Collins, Michael and Toutanova, Kristina},
  journal={arXiv preprint arXiv:1905.10044},
  year={2019}
}

@inproceedings{bisk2020piqa,
  title={Piqa: Reasoning about physical commonsense in natural language},
  author={Bisk, Yonatan and Zellers, Rowan and Gao, Jianfeng and Choi, Yejin and others},
  booktitle={Proceedings of the AAAI conference on artificial intelligence},
  volume={34},
  number={05},
  pages={7432--7439},
  year={2020}
}

@article{zellers2019hellaswag,
  title={Hellaswag: Can a machine really finish your sentence?},
  author={Zellers, Rowan and Holtzman, Ari and Bisk, Yonatan and Farhadi, Ali and Choi, Yejin},
  journal={arXiv preprint arXiv:1905.07830},
  year={2019}
}

@article{mihaylov2018can,
  title={Can a suit of armor conduct electricity? a new dataset for open book question answering},
  author={Mihaylov, Todor and Clark, Peter and Khot, Tushar and Sabharwal, Ashish},
  journal={arXiv preprint arXiv:1809.02789},
  year={2018}
}

@article{sakaguchi2021winogrande,
  title={Winogrande: An adversarial winograd schema challenge at scale},
  author={Sakaguchi, Keisuke and Bras, Ronan Le and Bhagavatula, Chandra and Choi, Yejin},
  journal={Communications of the ACM},
  volume={64},
  number={9},
  pages={99--106},
  year={2021},
  publisher={ACM New York, NY, USA}
}

@misc{evalharness,
  author       = {Gao, Leo and
                  Tow, Jonathan and
                  Biderman, Stella and
                  Black, Sid and
                  DiPofi, Anthony and
                  Foster, Charles and
                  Golding, Laurence and
                  Hsu, Jeffrey and
                  McDonell, Kyle and
                  Muennighoff, Niklas and
                  Phang, Jason and
                  Reynolds, Laria and
                  Tang, Eric and
                  Thite, Anish and
                  Wang, Ben and
                  Wang, Kevin and
                  Zou, Andy},
  title        = {A framework for few-shot language model evaluation},
  month        = sep,
  year         = 2021,
  publisher    = {Zenodo},
  version      = {v0.0.1},
  doi          = {10.5281/zenodo.5371628},
  url          = {https://doi.org/10.5281/zenodo.5371628}
}

@article{groppe2017ielvis,
  title={iELVis: An open source MATLAB toolbox for localizing and visualizing human intracranial electrode data},
  author={Groppe, David M and Bickel, Stephan and Dykstra, Andrew R and Wang, Xiuyuan and M{\'e}gevand, Pierre and Mercier, Manuel R and Lado, Fred A and Mehta, Ashesh D and Honey, Christopher J},
  journal={Journal of neuroscience methods},
  volume={281},
  pages={40--48},
  year={2017},
  publisher={Elsevier}
}

@article{fischl2004automatically,
  title={Automatically parcellating the human cerebral cortex},
  author={Fischl, Bruce and Van Der Kouwe, Andr{\'e} and Destrieux, Christophe and Halgren, Eric and S{\'e}gonne, Florent and Salat, David H and Busa, Evelina and Seidman, Larry J and Goldstein, Jill and Kennedy, David and others},
  journal={Cerebral cortex},
  volume={14},
  number={1},
  pages={11--22},
  year={2004},
  publisher={Oxford University Press}
}

@article{morosan2001human,
  title={Human primary auditory cortex: cytoarchitectonic subdivisions and mapping into a spatial reference system},
  author={Morosan, Patricia and Rademacher, Jorg and Schleicher, Axel and Amunts, Katrin and Schormann, Thorsten and Zilles, Karl},
  journal={Neuroimage},
  volume={13},
  number={4},
  pages={684--701},
  year={2001},
  publisher={Elsevier}
}

@article{mischler2023naplib,
title = {naplib-python: Neural acoustic data processing and analysis tools in python},
journal = {Software Impacts},
volume = {17},
pages = {100541},
year = {2023},
issn = {2665-9638},
doi = {https://doi.org/10.1016/j.simpa.2023.100541},
url = {https://www.sciencedirect.com/science/article/pii/S2665963823000787},
author = {Gavin Mischler and Vinay Raghavan and Menoua Keshishian and Nima Mesgarani},
}

@article{xiong2023effective,
  title={Effective long-context scaling of foundation models},
  author={Xiong, Wenhan and Liu, Jingyu and Molybog, Igor and Zhang, Hejia and Bhargava, Prajjwal and Hou, Rui and Martin, Louis and Rungta, Rashi and Sankararaman, Karthik Abinav and Oguz, Barlas and others},
  journal={arXiv preprint arXiv:2309.16039},
  year={2023}
}

@article{liu2023lost,
  title={Lost in the middle: How language models use long contexts},
  author={Liu, Nelson F and Lin, Kevin and Hewitt, John and Paranjape, Ashwin and Bevilacqua, Michele and Petroni, Fabio and Liang, Percy},
  journal={arXiv preprint arXiv:2307.03172},
  year={2023}
}


@article{zhao2023brain,
  title={When brain-inspired ai meets agi},
  author={Zhao, Lin and Zhang, Lu and Wu, Zihao and Chen, Yuzhong and Dai, Haixing and Yu, Xiaowei and Liu, Zhengliang and Zhang, Tuo and Hu, Xintao and Jiang, Xi and others},
  journal={Meta-Radiology},
  pages={100005},
  year={2023},
  publisher={Elsevier}
}

@article{zhao2023survey,
  title={A survey of large language models},
  author={Zhao, Wayne Xin and Zhou, Kun and Li, Junyi and Tang, Tianyi and Wang, Xiaolei and Hou, Yupeng and Min, Yingqian and Zhang, Beichen and Zhang, Junjie and Dong, Zican and others},
  journal={arXiv preprint arXiv:2303.18223},
  year={2023}
}

@book{bar2011biomimetics,
  title={Biomimetics: nature-based innovation},
  author={Bar-Cohen, Yoseph},
  year={2011},
  publisher={CRC press}
}

@article{costafreda2006systematic,
  title={A systematic review and quantitative appraisal of fMRI studies of verbal fluency: role of the left inferior frontal gyrus},
  author={Costafreda, Sergi G and Fu, Cynthia HY and Lee, Lucy and Everitt, Brian and Brammer, Michael J and David, Anthony S},
  journal={Human brain mapping},
  volume={27},
  number={10},
  pages={799--810},
  year={2006},
  publisher={Wiley Online Library}
}

@article{arana2020sensory,
  title={Sensory modality-independent activation of the brain network for language},
  author={Arana, Sophie and Marquand, Andr{\'e} and Hult{\'e}n, Annika and Hagoort, Peter and Schoffelen, Jan-Mathijs},
  journal={Journal of neuroscience},
  volume={40},
  number={14},
  pages={2914--2924},
  year={2020},
  publisher={Soc Neuroscience}
}

@article{goertzel2014artificial,
  title={Artificial general intelligence: concept, state of the art, and future prospects},
  author={Goertzel, Ben},
  journal={Journal of Artificial General Intelligence},
  volume={5},
  number={1},
  pages={1},
  year={2014},
  publisher={De Gruyter Poland}
}

@article{giordano2023intermediate,
  title={Intermediate acoustic-to-semantic representations link behavioral and neural responses to natural sounds},
  author={Giordano, Bruno L and Esposito, Michele and Valente, Giancarlo and Formisano, Elia},
  journal={Nature Neuroscience},
  volume={26},
  number={4},
  pages={664--672},
  year={2023},
  publisher={Nature Publishing Group US New York}
}

@article{tuckute2023many,
  title={Many but not all deep neural network audio models capture brain responses and exhibit correspondence between model stages and brain regions},
  author={Tuckute, Greta and Feather, Jenelle and Boebinger, Dana and McDermott, Josh H},
  journal={Plos Biology},
  volume={21},
  number={12},
  pages={e3002366},
  year={2023},
  publisher={Public Library of Science San Francisco, CA USA}
}

