





@article{li2024datacomp,
  title={DataComp-LM: In search of the next generation of training sets for language models},
  author={Li, Jeffrey and Fang, Alex and Smyrnis, Georgios and Ivgi, Maor and Jordan, Matt and Gadre, Samir and Bansal, Hritik and Guha, Etash and Keh, Sedrick and Arora, Kushal and others},
  journal={arXiv preprint arXiv:2406.11794},
  year={2024}
}

@article{ilyas2022datamodels,
  title={Datamodels: Predicting predictions from training data},
  author={Ilyas, Andrew and Park, Sung Min and Engstrom, Logan and Leclerc, Guillaume and Madry, Aleksander},
  journal={arXiv preprint arXiv:2202.00622},
  year={2022}
}

@misc{cerebras2023slimpajama,
author = {Soboleva, Daria and Al-Khateeb, Faisal and Myers, Robert and Steeves, Jacob R and Hestness, Joel and Dey, Nolan},
title = {{SlimPajama: A 627B token cleaned and deduplicated version of RedPajama}},
year = 2023,
howpublished = {\url{https://www.cerebras.net/blog/slimpajama-a-627b-token-cleaned-and-deduplicated-version-of-redpajama}},
url = {https://huggingface.co/datasets/cerebras/SlimPajama-627B},
}

@article{penedo2023refinedweb,
  title={The RefinedWeb dataset for Falcon LLM: outperforming curated corpora with web data, and web data only},
  author={Penedo, Guilherme and Malartic, Quentin and Hesslow, Daniel and Cojocaru, Ruxandra and Cappelli, Alessandro and Alobeidli, Hamza and Pannier, Baptiste and Almazrouei, Ebtesam and Launay, Julien},
  journal={arXiv preprint arXiv:2306.01116},
  year={2023}
}

@article{sorscher2022beyond,
  title={Beyond neural scaling laws: beating power law scaling via data pruning},
  author={Sorscher, Ben and Geirhos, Robert and Shekhar, Shashank and Ganguli, Surya and Morcos, Ari},
  journal={Advances in Neural Information Processing Systems},
  volume={35},
  pages={19523--19536},
  year={2022}
}

@inproceedings{sener2018active,
  title={Active Learning for Convolutional Neural Networks: A Core-Set Approach},
  author={Sener, Ozan and Savarese, Silvio},
  booktitle={International Conference on Learning Representations},
  year={2018}
}

@article{ash2019deep,
  title={Deep batch active learning by diverse, uncertain gradient lower bounds},
  author={Ash, Jordan T and Zhang, Chicheng and Krishnamurthy, Akshay and Langford, John and Agarwal, Alekh},
  journal={arXiv preprint arXiv:1906.03671},
  year={2019}
}

@article{ash2021gone,
  title={Gone fishing: Neural active learning with fisher embeddings},
  author={Ash, Jordan and Goel, Surbhi and Krishnamurthy, Akshay and Kakade, Sham},
  journal={Advances in Neural Information Processing Systems},
  volume={34},
  pages={8927--8939},
  year={2021}
}

@article{xie2023data,
  title={Data selection for language models via importance resampling},
  author={Xie, Sang Michael and Santurkar, Shibani and Ma, Tengyu and Liang, Percy S},
  journal={Advances in Neural Information Processing Systems},
  volume={36},
  pages={34201--34227},
  year={2023}
}

@article{brown2020language,
  title={Language models are few-shot learners},
  author={Brown, Tom and Mann, Benjamin and Ryder, Nick and Subbiah, Melanie and Kaplan, Jared D and Dhariwal, Prafulla and Neelakantan, Arvind and Shyam, Pranav and Sastry, Girish and Askell, Amanda and others},
  journal={Advances in neural information processing systems},
  volume={33},
  pages={1877--1901},
  year={2020}
}

@inproceedings{lee2022deduplicating,
  title={Deduplicating Training Data Makes Language Models Better},
  author={Lee, Katherine and Ippolito, Daphne and Nystrom, Andrew and Zhang, Chiyuan and Eck, Douglas and Callison-Burch, Chris and Carlini, Nicholas},
  booktitle={Proceedings of the 60th Annual Meeting of the Association for Computational Linguistics (Volume 1: Long Papers)},
  pages={8424--8445},
  year={2022}
}

@article{schuhmann2022laion,
  title={Laion-5b: An open large-scale dataset for training next generation image-text models},
  author={Schuhmann, Christoph and Beaumont, Romain and Vencu, Richard and Gordon, Cade and Wightman, Ross and Cherti, Mehdi and Coombes, Theo and Katta, Aarush and Mullis, Clayton and Wortsman, Mitchell and others},
  journal={Advances in Neural Information Processing Systems},
  volume={35},
  pages={25278--25294},
  year={2022}
}

@article{xie2024doremi,
  title={Doremi: Optimizing data mixtures speeds up language model pretraining},
  author={Xie, Sang Michael and Pham, Hieu and Dong, Xuanyi and Du, Nan and Liu, Hanxiao and Lu, Yifeng and Liang, Percy S and Le, Quoc V and Ma, Tengyu and Yu, Adams Wei},
  journal={Advances in Neural Information Processing Systems},
  volume={36},
  year={2024}
}

@inproceedings{elazar2023s,
  title={What's In My Big Data?},
  author={Elazar, Yanai and Bhagia, Akshita and Magnusson, Ian Helgi and Ravichander, Abhilasha and Schwenk, Dustin and Suhr, Alane and Walsh, Evan Pete and Groeneveld, Dirk and Soldaini, Luca and Singh, Sameer and others},
  booktitle={The Twelfth International Conference on Learning Representations},
  year={2023}
}

@article{abbas2023semdedup,
  title={Semdedup: Data-efficient learning at web-scale through semantic deduplication},
  author={Abbas, Amro and Tirumala, Kushal and Simig, D{\'a}niel and Ganguli, Surya and Morcos, Ari S},
  journal={arXiv preprint arXiv:2303.09540},
  year={2023}
}

@article{tirumala2024d4,
  title={D4: Improving llm pretraining via document de-duplication and diversification},
  author={Tirumala, Kushal and Simig, Daniel and Aghajanyan, Armen and Morcos, Ari},
  journal={Advances in Neural Information Processing Systems},
  volume={36},
  year={2024}
}

@InProceedings{joulin2017bag,
  title={Bag of Tricks for Efficient Text Classification},
  author={Joulin, Armand and Grave, Edouard and Bojanowski, Piotr and Mikolov, Tomas},
  booktitle={Proceedings of the 15th Conference of the European Chapter of the Association for Computational Linguistics: Volume 2, Short Papers},
  month={April},
  year={2017},
  publisher={Association for Computational Linguistics},
  pages={427--431},
}

@misc{allenzhu2024physics,
      title={Physics of Language Models: Part 3.3, Knowledge Capacity Scaling Laws}, 
      author={Zeyuan Allen-Zhu and Yuanzhi Li},
      year={2024},
      eprint={2404.05405},
      archivePrefix={arXiv},
      primaryClass={cs.CL}
}

@book{pukelsheim2006optimal,
  title={Optimal design of experiments},
  author={Pukelsheim, Friedrich},
  year={2006},
  publisher={SIAM}
}

@misc{lin2024rho1,
      title={Rho-1: Not All Tokens Are What You Need}, 
      author={Zhenghao Lin and Zhibin Gou and Yeyun Gong and Xiao Liu and Yelong Shen and Ruochen Xu and Chen Lin and Yujiu Yang and Jian Jiao and Nan Duan and Weizhu Chen},
      year={2024},
      eprint={2404.07965},
      archivePrefix={arXiv},
      primaryClass={cs.CL}
}

@inproceedings{wenzek2020ccnet,
  title={CCNet: Extracting High Quality Monolingual Datasets from Web Crawl Data},
  author={Wenzek, Guillaume and Lachaux, Marie-Anne and Conneau, Alexis and Chaudhary, Vishrav and Guzm{\'a}n, Francisco and Joulin, Armand and Grave, {\'E}douard},
  booktitle={Proceedings of the Twelfth Language Resources and Evaluation Conference},
  pages={4003--4012},
  year={2020}
}

@article{longpre2023pretrainer,
  title={A Pretrainer's Guide to Training Data: Measuring the Effects of Data Age, Domain Coverage, Quality, \& Toxicity},
  author={Longpre, Shayne and Yauney, Gregory and Reif, Emily and Lee, Katherine and Roberts, Adam and Zoph, Barret and Zhou, Denny and Wei, Jason and Robinson, Kevin and Mimno, David and others},
  journal={arXiv preprint arXiv:2305.13169},
  year={2023}
}

@misc{hoffmann2022training,
      title={Training Compute-Optimal Large Language Models}, 
      author={Jordan Hoffmann and Sebastian Borgeaud and Arthur Mensch and Elena Buchatskaya and Trevor Cai and Eliza Rutherford and Diego de Las Casas and Lisa Anne Hendricks and Johannes Welbl and Aidan Clark and Tom Hennigan and Eric Noland and Katie Millican and George van den Driessche and Bogdan Damoc and Aurelia Guy and Simon Osindero and Karen Simonyan and Erich Elsen and Jack W. Rae and Oriol Vinyals and Laurent Sifre},
      year={2022},
      eprint={2203.15556},
      archivePrefix={arXiv},
      primaryClass={cs.CL}
}

@misc{meta2023llama3,
      title={Llama 3}, 
      author={Meta},
      year={2024},
}

@misc{touvron2023llama,
      title={LLaMA: Open and Efficient Foundation Language Models}, 
      author={Hugo Touvron and Thibaut Lavril and Gautier Izacard and Xavier Martinet and Marie-Anne Lachaux and Timothée Lacroix and Baptiste Rozière and Naman Goyal and Eric Hambro and Faisal Azhar and Aurelien Rodriguez and Armand Joulin and Edouard Grave and Guillaume Lample},
      year={2023},
      eprint={2302.13971},
      archivePrefix={arXiv},
      primaryClass={cs.CL}
}

@misc{touvron2023llama2,
      title={Llama 2: Open Foundation and Fine-Tuned Chat Models}, 
      author={Hugo Touvron and Louis Martin and Kevin Stone and Peter Albert and Amjad Almahairi and Yasmine Babaei and Nikolay Bashlykov and Soumya Batra and Prajjwal Bhargava and Shruti Bhosale and Dan Bikel and Lukas Blecher and Cristian Canton Ferrer and Moya Chen and Guillem Cucurull and David Esiobu and Jude Fernandes and Jeremy Fu and Wenyin Fu and Brian Fuller and Cynthia Gao and Vedanuj Goswami and Naman Goyal and Anthony Hartshorn and Saghar Hosseini and Rui Hou and Hakan Inan and Marcin Kardas and Viktor Kerkez and Madian Khabsa and Isabel Kloumann and Artem Korenev and Punit Singh Koura and Marie-Anne Lachaux and Thibaut Lavril and Jenya Lee and Diana Liskovich and Yinghai Lu and Yuning Mao and Xavier Martinet and Todor Mihaylov and Pushkar Mishra and Igor Molybog and Yixin Nie and Andrew Poulton and Jeremy Reizenstein and Rashi Rungta and Kalyan Saladi and Alan Schelten and Ruan Silva and Eric Michael Smith and Ranjan Subramanian and Xiaoqing Ellen Tan and Binh Tang and Ross Taylor and Adina Williams and Jian Xiang Kuan and Puxin Xu and Zheng Yan and Iliyan Zarov and Yuchen Zhang and Angela Fan and Melanie Kambadur and Sharan Narang and Aurelien Rodriguez and Robert Stojnic and Sergey Edunov and Thomas Scialom},
      year={2023},
      eprint={2307.09288},
      archivePrefix={arXiv},
      primaryClass={cs.CL}
}

@misc{gunasekar2023textbooks,
      title={Textbooks Are All You Need}, 
      author={Suriya Gunasekar and Yi Zhang and Jyoti Aneja and Caio César Teodoro Mendes and Allie Del Giorno and Sivakanth Gopi and Mojan Javaheripi and Piero Kauffmann and Gustavo de Rosa and Olli Saarikivi and Adil Salim and Shital Shah and Harkirat Singh Behl and Xin Wang and Sébastien Bubeck and Ronen Eldan and Adam Tauman Kalai and Yin Tat Lee and Yuanzhi Li},
      year={2023},
      eprint={2306.11644},
      archivePrefix={arXiv},
      primaryClass={cs.CL}
}

@misc{fang2023data,
      title={Data Filtering Networks}, 
      author={Alex Fang and Albin Madappally Jose and Amit Jain and Ludwig Schmidt and Alexander Toshev and Vaishaal Shankar},
      year={2023},
      eprint={2309.17425},
      archivePrefix={arXiv},
      primaryClass={cs.AI}
}

@inproceedings{mindermann2022prioritized,
  title={Prioritized training on points that are learnable, worth learning, and not yet learnt},
  author={Mindermann, S{\"o}ren and Brauner, Jan M and Razzak, Muhammed T and Sharma, Mrinank and Kirsch, Andreas and Xu, Winnie and H{\"o}ltgen, Benedikt and Gomez, Aidan N and Morisot, Adrien and Farquhar, Sebastian and others},
  booktitle={International Conference on Machine Learning},
  pages={15630--15649},
  year={2022},
  organization={PMLR}
}

@misc{together2023redpajama,
  author = {Together Computer},
  title = {RedPajama: an Open Dataset for Training Large Language Models},
  year = 2023,
  url = {https://github.com/togethercomputer/RedPajama-Data}
}

@article{rae2021scaling,
  title={Scaling language models: Methods, analysis \& insights from training gopher},
  author={Rae, Jack W and Borgeaud, Sebastian and Cai, Trevor and Millican, Katie and Hoffmann, Jordan and Song, Francis and Aslanides, John and Henderson, Sarah and Ring, Roman and Young, Susannah and others},
  journal={arXiv preprint arXiv:2112.11446},
  year={2021}
}

@misc{engstrom2024dsdm,
      title={DsDm: Model-Aware Dataset Selection with Datamodels}, 
      author={Logan Engstrom and Axel Feldmann and Aleksander Madry},
      year={2024},
      eprint={2401.12926},
      archivePrefix={arXiv},
      primaryClass={cs.LG}
}

@inproceedings{moore2010intelligent,
  title={Intelligent selection of language model training data},
  author={Moore, Robert C and Lewis, William},
  booktitle={Proceedings of the ACL 2010 conference short papers},
  pages={220--224},
  year={2010}
}


@inproceedings{
wortsman2024smallscale,
title={Small-scale proxies for large-scale Transformer training instabilities},
author={Mitchell Wortsman and Peter J Liu and Lechao Xiao and Katie E Everett and Alexander A Alemi and Ben Adlam and John D Co-Reyes and Izzeddin Gur and Abhishek Kumar and Roman Novak and Jeffrey Pennington and Jascha Sohl-Dickstein and Kelvin Xu and Jaehoon Lee and Justin Gilmer and Simon Kornblith},
booktitle={The Twelfth International Conference on Learning Representations},
year={2024}}

@misc{groeneveld2024olmo,
      title={OLMo: Accelerating the Science of Language Models}, 
      author={Dirk Groeneveld and Iz Beltagy and Pete Walsh and Akshita Bhagia and Rodney Kinney and Oyvind Tafjord and Ananya Harsh Jha and Hamish Ivison and Ian Magnusson and Yizhong Wang and Shane Arora and David Atkinson and Russell Authur and Khyathi Raghavi Chandu and Arman Cohan and Jennifer Dumas and Yanai Elazar and Yuling Gu and Jack Hessel and Tushar Khot and William Merrill and Jacob Morrison and Niklas Muennighoff and Aakanksha Naik and Crystal Nam and Matthew E. Peters and Valentina Pyatkin and Abhilasha Ravichander and Dustin Schwenk and Saurabh Shah and Will Smith and Emma Strubell and Nishant Subramani and Mitchell Wortsman and Pradeep Dasigi and Nathan Lambert and Kyle Richardson and Luke Zettlemoyer and Jesse Dodge and Kyle Lo and Luca Soldaini and Noah A. Smith and Hannaneh Hajishirzi},
      year={2024},
      eprint={2402.00838},
      archivePrefix={arXiv},
      primaryClass={cs.CL}
}

@article{soldaini2024dolma,
  title={Dolma: An Open Corpus of Three Trillion Tokens for Language Model Pretraining Research},
  author={Soldaini, Luca and Kinney, Rodney and Bhagia, Akshita and Schwenk, Dustin and Atkinson, David and Authur, Russell and Bogin, Ben and Chandu, Khyathi and Dumas, Jennifer and Elazar, Yanai and others},
  journal={arXiv preprint arXiv:2402.00159},
  year={2024}
}

@article{raffel2020exploring,
  title={Exploring the limits of transfer learning with a unified text-to-text transformer},
  author={Raffel, Colin and Shazeer, Noam and Roberts, Adam and Lee, Katherine and Narang, Sharan and Matena, Michael and Zhou, Yanqi and Li, Wei and Liu, Peter J},
  journal={Journal of machine learning research},
  volume={21},
  number={140},
  pages={1--67},
  year={2020}
}

@article{houlsby2011bayesian,
  title={Bayesian Active Learning for Classification and Preference Learning},
  author={Houlsby, Neil and Husz{\'a}r, Ferenc and Ghahramani, Zoubin and Lengyel, M{\'a}t{\'e}},
  journal={stat},
  volume={1050},
  pages={24},
  year={2011},
  publisher={Citeseer}
}

@article{lindley1956measure,
  title={On a measure of the information provided by an experiment},
  author={Lindley, Dennis V},
  journal={The Annals of Mathematical Statistics},
  volume={27},
  number={4},
  pages={986--1005},
  year={1956},
  publisher={Institute of Mathematical Statistics}
}

@article{rainforth2024modern,
  title={Modern Bayesian experimental design},
  author={Rainforth, Tom and Foster, Adam and Ivanova, Desi R and Bickford Smith, Freddie},
  journal={Statistical Science},
  volume={39},
  number={1},
  pages={100--114},
  year={2024},
  publisher={Institute of Mathematical Statistics}
}

@article{evans2023bad,
  title={Bad students make great teachers: Active learning accelerates large-scale visual understanding},
  author={Evans, Talfan and Pathak, Shreya and Merzic, Hamza and Schwarz, Jonathan and Tanno, Ryutaro and Henaff, Olivier J},
  journal={arXiv preprint arXiv:2312.05328},
  year={2023}
}



@misc{magnusson2023paloma,
      title={Paloma: A Benchmark for Evaluating Language Model Fit}, 
      author={Ian Magnusson and Akshita Bhagia and Valentin Hofmann and Luca Soldaini and Ananya Harsh Jha and Oyvind Tafjord and Dustin Schwenk and Evan Pete Walsh and Yanai Elazar and Kyle Lo and Dirk Groeneveld and Iz Beltagy and Hannaneh Hajishirzi and Noah A. Smith and Kyle Richardson and Jesse Dodge},
      year={2023},
      eprint={2312.10523},
      archivePrefix={arXiv},
      primaryClass={cs.CL}
}

@article{bickfordsmith2023prediction,
    author = {{Bickford Smith}, Freddie and Kirsch, Andreas and Farquhar, Sebastian and Gal, Yarin and Foster, Adam and Rainforth, Tom},
    year = {2023},
    title = {Prediction-oriented {Bayesian} active learning},
    journal = {International Conference on Artificial Intelligence and Statistics},
}

@phdthesis{kirsch2023a,
  edition = {},
  number = {},
  journal = {},
  pages = {},
  publisher = {University of Oxford},
  school = {University of Oxford},
  title = {Advanced deep active learning and data subset selection: unifying principles with information-theory intuitions},
  volume = {},
  author = {Kirsch, A},
  editor = {},
  year = {2023},
  series = {}
}

@article{fleuret2023little,
  title={The little book of deep learning},
  author={Fleuret, Fran{\c{c}}ois},
  journal={A lovely concise introduction},
  pages={297},
  year={2023}
}

@inproceedings{graves2017automated,
  title={Automated curriculum learning for neural networks},
  author={Graves, Alex and Bellemare, Marc G and Menick, Jacob and Munos, Remi and Kavukcuoglu, Koray},
  booktitle={international conference on machine learning},
  pages={1311--1320},
  year={2017},
  organization={Pmlr}
}

@article{tack2024learning,
  title={Learning Large-scale Neural Fields via Context Pruned Meta-Learning},
  author={Tack, Jihoon and Kim, Subin and Yu, Sihyun and Lee, Jaeho and Shin, Jinwoo and Schwarz, Jonathan Richard},
  journal={Advances in Neural Information Processing Systems},
  volume={36},
  year={2024}
}

@inproceedings{rebuffi2017icarl,
  title={icarl: Incremental classifier and representation learning},
  author={Rebuffi, Sylvestre-Alvise and Kolesnikov, Alexander and Sperl, Georg and Lampert, Christoph H},
  booktitle={Proceedings of the IEEE conference on Computer Vision and Pattern Recognition},
  pages={2001--2010},
  year={2017}
}

@article{titsias2019functional,
  title={Functional regularisation for continual learning with gaussian processes},
  author={Titsias, Michalis K and Schwarz, Jonathan and Matthews, Alexander G de G and Pascanu, Razvan and Teh, Yee Whye},
  journal={arXiv preprint arXiv:1901.11356},
  year={2019}
}

@article{buzzega2020dark,
  title={Dark experience for general continual learning: a strong, simple baseline},
  author={Buzzega, Pietro and Boschini, Matteo and Porrello, Angelo and Abati, Davide and Calderara, Simone},
  journal={Advances in neural information processing systems},
  volume={33},
  pages={15920--15930},
  year={2020}
}

@misc{eval-harness,
  author       = {Gao, Leo and Tow, Jonathan and Abbasi, Baber and Biderman, Stella and Black, Sid and DiPofi, Anthony and Foster, Charles and Golding, Laurence and Hsu, Jeffrey and Le Noac'h, Alain and Li, Haonan and McDonell, Kyle and Muennighoff, Niklas and Ociepa, Chris and Phang, Jason and Reynolds, Laria and Schoelkopf, Hailey and Skowron, Aviya and Sutawika, Lintang and Tang, Eric and Thite, Anish and Wang, Ben and Wang, Kevin and Zou, Andy},
  title        = {A framework for few-shot language model evaluation},
  month        = 12,
  year         = 2023,
  publisher    = {Zenodo},
  version      = {v0.4.0},
  doi          = {10.5281/zenodo.10256836},
  url          = {https://zenodo.org/records/10256836}
}

@article{clark2018think,
  title={Think you have solved question answering? try arc, the ai2 reasoning challenge},
  author={Clark, Peter and Cowhey, Isaac and Etzioni, Oren and Khot, Tushar and Sabharwal, Ashish and Schoenick, Carissa and Tafjord, Oyvind},
  journal={arXiv preprint arXiv:1803.05457},
  year={2018}
}

@article{clark2019boolq,
  title={BoolQ: Exploring the surprising difficulty of natural yes/no questions},
  author={Clark, Christopher and Lee, Kenton and Chang, Ming-Wei and Kwiatkowski, Tom and Collins, Michael and Toutanova, Kristina},
  journal={arXiv preprint arXiv:1905.10044},
  year={2019}
}

@article{zellers2019hellaswag,
  title={Hellaswag: Can a machine really finish your sentence?},
  author={Zellers, Rowan and Holtzman, Ari and Bisk, Yonatan and Farhadi, Ali and Choi, Yejin},
  journal={arXiv preprint arXiv:1905.07830},
  year={2019}
}

@inproceedings{bisk2020piqa,
  title={Piqa: Reasoning about physical commonsense in natural language},
  author={Bisk, Yonatan and Zellers, Rowan and Gao, Jianfeng and Choi, Yejin and others},
  booktitle={Proceedings of the AAAI conference on artificial intelligence},
  volume={34},
  pages={7432--7439},
  year={2020}
}

@article{mihaylov2018can,
  title={Can a suit of armor conduct electricity? a new dataset for open book question answering},
  author={Mihaylov, Todor and Clark, Peter and Khot, Tushar and Sabharwal, Ashish},
  journal={arXiv preprint arXiv:1809.02789},
  year={2018}
}

@article{welbl2017crowdsourcing,
  title={Crowdsourcing multiple choice science questions},
  author={Welbl, Johannes and Liu, Nelson F and Gardner, Matt},
  journal={arXiv preprint arXiv:1707.06209},
  year={2017}
}

@article{sakaguchi2021winogrande,
  title={Winogrande: An adversarial winograd schema challenge at scale},
  author={Sakaguchi, Keisuke and Bras, Ronan Le and Bhagavatula, Chandra and Choi, Yejin},
  journal={Communications of the ACM},
  volume={64},
  number={9},
  pages={99--106},
  year={2021},
  publisher={ACM New York, NY, USA}
}

@article{chang2024survey,
  title={A survey on evaluation of large language models},
  author={Chang, Yupeng and Wang, Xu and Wang, Jindong and Wu, Yuan and Yang, Linyi and Zhu, Kaijie and Chen, Hao and Yi, Xiaoyuan and Wang, Cunxiang and Wang, Yidong and others},
  journal={ACM Transactions on Intelligent Systems and Technology},
  volume={15},
  number={3},
  pages={1--45},
  year={2024},
  publisher={ACM New York, NY}
}

@article{das2018,
  author  = {Abhimanyu Das and David Kempe},
  title   = {Approximate Submodularity and its Applications: Subset Selection, Sparse Approximation and Dictionary Selection},
  journal = {Journal of Machine Learning Research},
  year    = {2018},
  volume  = {19},
  number  = {3},
  pages   = {1--34},
  url     = {http://jmlr.org/papers/v19/16-534.html}
}

@article{Nemhauser1978AnAO,
  title={An analysis of approximations for maximizing submodular set functions—I},
  author={George L. Nemhauser and Laurence A. Wolsey and Marshall L. Fisher},
  journal={Mathematical Programming},
  year={1978},
  volume={14},
  pages={265-294},
  url={https://api.semanticscholar.org/CorpusID:206800425}
}

@article{park2023trak,
  title={Trak: Attributing model behavior at scale},
  author={Park, Sung Min and Georgiev, Kristian and Ilyas, Andrew and Leclerc, Guillaume and Madry, Aleksander},
  journal={arXiv preprint arXiv:2303.14186},
  year={2023}
}

@misc{casson2023transformerflops,
  author={Adam Casson},
  title={Transformer FLOPs},
  year={2023},
  url={https://adamcasson.com/posts/transformer-flops}
}

@inproceedings{Gordon2011ChoiceOP,
  title={Choice of Plausible Alternatives: An Evaluation of Commonsense Causal Reasoning},
  author={Andrew S. Gordon and Zornitsa Kozareva and Melissa Roemmele},
  booktitle={AAAI Spring Symposium: Logical Formalizations of Commonsense Reasoning},
  year={2011},
  url={https://api.semanticscholar.org/CorpusID:434646}
}

@inproceedings{socher-etal-2013-recursive,
    title = "Recursive Deep Models for Semantic Compositionality Over a Sentiment Treebank",
    author = "Socher, Richard  and
      Perelygin, Alex  and
      Wu, Jean  and
      Chuang, Jason  and
      Manning, Christopher D.  and
      Ng, Andrew  and
      Potts, Christopher",
    booktitle = "Proceedings of the 2013 Conference on Empirical Methods in Natural Language Processing",
    month = oct,
    year = "2013",
    address = "Seattle, Washington, USA",
    publisher = "Association for Computational Linguistics",
    url = "https://www.aclweb.org/anthology/D13-1170",
    pages = "1631--1642",
}

@article{penedo2024fineweb,
  title={The fineweb datasets: Decanting the web for the finest text data at scale},
  author={Penedo, Guilherme and Kydl{\'\i}{\v{c}}ek, Hynek and Lozhkov, Anton and Mitchell, Margaret and Raffel, Colin and Von Werra, Leandro and Wolf, Thomas and others},
  journal={arXiv preprint arXiv:2406.17557},
  year={2024}
}

@article{wang2019superglue,
  title={Superglue: A stickier benchmark for general-purpose language understanding systems},
  author={Wang, Alex and Pruksachatkun, Yada and Nangia, Nikita and Singh, Amanpreet and Michael, Julian and Hill, Felix and Levy, Omer and Bowman, Samuel},
  journal={Advances in neural information processing systems},
  volume={32},
  year={2019}
}

@article{talmor2018commonsenseqa,
  title={Commonsenseqa: A question answering challenge targeting commonsense knowledge},
  author={Talmor, Alon and Herzig, Jonathan and Lourie, Nicholas and Berant, Jonathan},
  journal={arXiv preprint arXiv:1811.00937},
  year={2018}
}

@article{sap2019socialiqa,
  title={Socialiqa: Commonsense reasoning about social interactions},
  author={Sap, Maarten and Rashkin, Hannah and Chen, Derek and LeBras, Ronan and Choi, Yejin},
  journal={arXiv preprint arXiv:1904.09728},
  year={2019}
}