@incollection{Bengio+chapter2007,
author = {Bengio, Yoshua and LeCun, Yann},
booktitle = {Large Scale Kernel Machines},
publisher = {MIT Press},
title = {Scaling Learning Algorithms Towards {AI}},
year = {2007}
}
@article{yadav2019quick,
  title={Quick and (not so) dirty: Unsupervised selection of justification sentences for multi-hop question answering},
  author={Yadav, Vikas and Bethard, Steven and Surdeanu, Mihai},
  journal={arXiv preprint arXiv:1911.07176},
  year={2019}
}
@misc{chen2021evaluating,
      title={Evaluating Large Language Models Trained on Code},
      author={Mark Chen and Jerry Tworek and Heewoo Jun and Qiming Yuan and Henrique Ponde de Oliveira Pinto and Jared Kaplan and Harri Edwards and Yuri Burda and Nicholas Joseph and Greg Brockman and Alex Ray and Raul Puri and Gretchen Krueger and Michael Petrov and Heidy Khlaaf and Girish Sastry and Pamela Mishkin and Brooke Chan and Scott Gray and Nick Ryder and Mikhail Pavlov and Alethea Power and Lukasz Kaiser and Mohammad Bavarian and Clemens Winter and Philippe Tillet and Felipe Petroski Such and Dave Cummings and Matthias Plappert and Fotios Chantzis and Elizabeth Barnes and Ariel Herbert-Voss and William Hebgen Guss and Alex Nichol and Alex Paino and Nikolas Tezak and Jie Tang and Igor Babuschkin and Suchir Balaji and Shantanu Jain and William Saunders and Christopher Hesse and Andrew N. Carr and Jan Leike and Josh Achiam and Vedant Misra and Evan Morikawa and Alec Radford and Matthew Knight and Miles Brundage and Mira Murati and Katie Mayer and Peter Welinder and Bob McGrew and Dario Amodei and Sam McCandlish and Ilya Sutskever and Wojciech Zaremba},
      year={2021},
      eprint={2107.03374},
      archivePrefix={arXiv},
      primaryClass={cs.LG}
}
@article{cassano2022multipl,
  title={Multipl-e: A scalable and extensible approach to benchmarking neural code generation},
  author={Cassano, Federico and Gouwar, John and Nguyen, Daniel and Nguyen, Sydney and Phipps-Costin, Luna and Pinckney, Donald and Yee, Ming-Ho and Zi, Yangtian and Anderson, Carolyn Jane and Feldman, Molly Q and others},
  journal={arXiv preprint arXiv:2208.08227},
  year={2022}
}
@article{austin2021program,
  title={Program Synthesis with Large Language Models},
  author={Austin, Jacob and Odena, Augustus and Nye, Maxwell and Bosma, Maarten and Michalewski, Henryk and Dohan, David and Jiang, Ellen and Cai, Carrie and Terry, Michael and Le, Quoc and others},
  journal={arXiv preprint arXiv:2108.07732},
  year={2021}
}
@misc{cerebras2023slimpajama,
  author = {Soboleva, Daria and Al-Khateeb, Faisal and Myers, Robert and Steeves, Jacob R and Hestness, Joel and Dey, Nolan},
  title = {{SlimPajama: A 627B token cleaned and deduplicated version of RedPajama}},
  month = {June},
  year = {2023},
  howpublished ={\url{https://www.cerebras.net/blog/slimpajama-a-627b-token-cleaned-and-deduplicated-version-of-redpajama}},
  url ={https://huggingface.co/datasets/cerebras/SlimPajama-627B},
}

@misc{bigcode-evaluation-harness,
  author       = {Ben Allal, Loubna and
                  Muennighoff, Niklas and
                  Kumar Umapathi, Logesh and
                  Lipkin, Ben and
                  von Werra, Leandro},
  title = {A framework for the evaluation of code generation models},
  publisher = {GitHub},
  journal = {GitHub repository},
  howpublished = {\url{https://github.com/bigcode-project/bigcode-evaluation-harness}},
  year = 2022,
}
@article{llama3modelcard,

title={Llama 3 Model Card},

author={AI@Meta},

year={2024},

url = {https://github.com/meta-llama/llama3/blob/main/MODEL_CARD.md}

}
@inproceedings{biderman2023pythia,
  title={Pythia: A suite for analyzing large language models across training and scaling},
  author={Biderman, Stella and Schoelkopf, Hailey and Anthony, Quentin Gregory and Bradley, Herbie and Oâ€™Brien, Kyle and Hallahan, Eric and Khan, Mohammad Aflah and Purohit, Shivanshu and Prashanth, USVSN Sai and Raff, Edward and others},
  booktitle={International Conference on Machine Learning},
  pages={2397--2430},
  year={2023},
  organization={PMLR}
}
@inproceedings{socher-etal-2013-recursive,
    title = "Recursive Deep Models for Semantic Compositionality Over a Sentiment Treebank",
    author = "Socher, Richard  and
      Perelygin, Alex  and
      Wu, Jean  and
      Chuang, Jason  and
      Manning, Christopher D.  and
      Ng, Andrew  and
      Potts, Christopher",
    booktitle = "Proceedings of the 2013 Conference on Empirical Methods in Natural Language Processing",
    month = oct,
    year = "2013",
    address = "Seattle, Washington, USA",
    publisher = "Association for Computational Linguistics",
    url = "https://www.aclweb.org/anthology/D13-1170",
    pages = "1631--1642",
}

@article{sakaguchi2021winogrande,
  title={Winogrande: An adversarial winograd schema challenge at scale},
  author={Sakaguchi, Keisuke and Bras, Ronan Le and Bhagavatula, Chandra and Choi, Yejin},
  journal={Communications of the ACM},
  volume={64},
  number={9},
  pages={99--106},
  year={2021},
  publisher={ACM New York, NY, USA}
}
@InProceedings{maas-EtAl:2011:ACL-HLT2011,
  author    = {Maas, Andrew L.  and  Daly, Raymond E.  and  Pham, Peter T.  and  Huang, Dan  and  Ng, Andrew Y.  and  Potts, Christopher},
  title     = {Learning Word Vectors for Sentiment Analysis},
  booktitle = {Proceedings of the 49th Annual Meeting of the Association for Computational Linguistics: Human Language Technologies},
  month     = {June},
  year      = {2011},
  address   = {Portland, Oregon, USA},
  publisher = {Association for Computational Linguistics},
  pages     = {142--150},
  url       = {http://www.aclweb.org/anthology/P11-1015}
}

@article{hendrycks2020measuring,
  title={Measuring massive multitask language understanding},
  author={Hendrycks, Dan and Burns, Collin and Basart, Steven and Zou, Andy and Mazeika, Mantas and Song, Dawn and Steinhardt, Jacob},
  journal={arXiv preprint arXiv:2009.03300},
  year={2020}
}
@article{Hinton06,
author = {Hinton, Geoffrey E. and Osindero, Simon and Teh, Yee Whye},
journal = {Neural Computation},
pages = {1527--1554},
title = {A Fast Learning Algorithm for Deep Belief Nets},
volume = {18},
year = {2006}
}

@book{goodfellow2016deep,
title={Deep learning},
author={Goodfellow, Ian and Bengio, Yoshua and Courville, Aaron and Bengio, Yoshua},
volume={1},
year={2016},
publisher={MIT Press}
}

@article{zhou2024lima,
  title={Lima: Less is more for alignment},
  author={Zhou, Chunting and Liu, Pengfei and Xu, Puxin and Iyer, Srinivasan and Sun, Jiao and Mao, Yuning and Ma, Xuezhe and Efrat, Avia and Yu, Ping and Yu, Lili and others},
  journal={Advances in Neural Information Processing Systems},
  volume={36},
  year={2024}
}

@article{cao2023instruction,
  title={Instruction mining: High-quality instruction data selection for large language models},
  author={Cao, Yihan and Kang, Yanbin and Sun, Lichao},
  journal={arXiv preprint arXiv:2307.06290},
  year={2023}
}

@article{hsieh2023distilling,
  title={Distilling step-by-step! outperforming larger language models with less training data and smaller model sizes},
  author={Hsieh, Cheng-Yu and Li, Chun-Liang and Yeh, Chih-Kuan and Nakhost, Hootan and Fujii, Yasuhisa and Ratner, Alexander and Krishna, Ranjay and Lee, Chen-Yu and Pfister, Tomas},
  journal={arXiv preprint arXiv:2305.02301},
  year={2023}
}

@article{penedo2023refinedweb,
  title={The RefinedWeb dataset for Falcon LLM: outperforming curated corpora with web data, and web data only},
  author={Penedo, Guilherme and Malartic, Quentin and Hesslow, Daniel and Cojocaru, Ruxandra and Cappelli, Alessandro and Alobeidli, Hamza and Pannier, Baptiste and Almazrouei, Ebtesam and Launay, Julien},
  journal={arXiv preprint arXiv:2306.01116},
  year={2023}
}

@misc{RedPajama2023,
  author = {{Together AI}},
  title = {Red Pajama},
  year = {2023},
  howpublished = {Blog post on Together AI},
  note = {\url{https://www.together.ai/blog/redpajama}},
}

@misc{CerebrasSlimPajama2023,
  author = {{Cerebras Systems}},
  title = {SlimPajama: A 627B Token Cleaned and Deduplicated Version of RedPajama},
  year = {2023},
  howpublished = {Blog post on Cerebras Systems},
  note = {\url{https://www.cerebras.net/blog/slimpajama-a-627b-token-cleaned-and-deduplicated-version-of-redpajama}},
  urldate = {2023-03-09}
}

@article{xie2024data,
  title={Data selection for language models via importance resampling},
  author={Xie, Sang Michael and Santurkar, Shibani and Ma, Tengyu and Liang, Percy S},
  journal={Advances in Neural Information Processing Systems},
  volume={36},
  year={2024}
}

@article{raffel2020exploring,
  title={Exploring the limits of transfer learning with a unified text-to-text transformer},
  author={Raffel, Colin and Shazeer, Noam and Roberts, Adam and Lee, Katherine and Narang, Sharan and Matena, Michael and Zhou, Yanqi and Li, Wei and Liu, Peter J},
  journal={The Journal of Machine Learning Research},
  volume={21},
  number={1},
  pages={5485--5551},
  year={2020},
  publisher={JMLRORG}
}

@article{rae2021scaling,
  title={Scaling language models: Methods, analysis \& insights from training gopher},
  author={Rae, Jack W and Borgeaud, Sebastian and Cai, Trevor and Millican, Katie and Hoffmann, Jordan and Song, Francis and Aslanides, John and Henderson, Sarah and Ring, Roman and Young, Susannah and others},
  journal={arXiv preprint arXiv:2112.11446},
  year={2021}
}

@article{yuan2024self,
  title={Self-rewarding language models},
  author={Yuan, Weizhe and Pang, Richard Yuanzhe and Cho, Kyunghyun and Sukhbaatar, Sainbayar and Xu, Jing and Weston, Jason},
  journal={arXiv preprint arXiv:2401.10020},
  year={2024}
}

@article{wettig2024qurating,
  title={Qurating: Selecting high-quality data for training language models},
  author={Wettig, Alexander and Gupta, Aatmik and Malik, Saumya and Chen, Danqi},
  journal={arXiv preprint arXiv:2402.09739},
  year={2024}
}

@article{yuan2024llmcrit,
  title={LLMCRIT: Teaching Large Language Models to Use Criteria},
  author={Yuan, Weizhe and Liu, Pengfei and Gall{\'e}, Matthias},
  journal={arXiv preprint arXiv:2403.01069},
  year={2024}
}

@article{murule,
  title={Rule Based Rewards for Language Model Safety},
  author={Mu, Tong and Helyar, Alec and Heidecke, Johannes and Achiam, Joshua and Vallone, Andrea and Kivlichan, Ian and Lin, Molly and Beutel, Alex and Schulman, John and Weng, Lilian}
}

@article{sun2024principle,
  title={Principle-driven self-alignment of language models from scratch with minimal human supervision},
  author={Sun, Zhiqing and Shen, Yikang and Zhou, Qinhong and Zhang, Hongxin and Chen, Zhenfang and Cox, David and Yang, Yiming and Gan, Chuang},
  journal={Advances in Neural Information Processing Systems},
  volume={36},
  year={2024}
}

@article{tirumala2023d4,
  title={D4: Improving llm pretraining via document de-duplication and diversification},
  author={Tirumala, Kushal and Simig, Daniel and Aghajanyan, Armen and Morcos, Ari},
  journal={Advances in Neural Information Processing Systems},
  volume={36},
  pages={53983--53995},
  year={2023}
}

@article{anil2023gemini,
  title={Gemini: A family of highly capable multimodal models},
  author={Anil, Rohan and Borgeaud, Sebastian and Wu, Yonghui and Alayrac, Jean-Baptiste and Yu, Jiahui and Soricut, Radu and Schalkwyk, Johan and Dai, Andrew M and Hauth, Anja and Millican, Katie and others},
  journal={arXiv preprint arXiv:2312.11805},
  volume={1},
  year={2023}
}


@article{sachdeva2024train,
  title={How to Train Data-Efficient LLMs},
  author={Sachdeva, Noveen and Coleman, Benjamin and Kang, Wang-Cheng and Ni, Jianmo and Hong, Lichan and Chi, Ed H and Caverlee, James and McAuley, Julian and Cheng, Derek Zhiyuan},
  journal={arXiv preprint arXiv:2402.09668},
  year={2024}
}

@article{brown2020language,
  title={Language models are few-shot learners},
  author={Brown, Tom B},
  journal={arXiv preprint arXiv:2005.14165},
  year={2020}
}

@article{chowdhery2023palm,
  title={Palm: Scaling language modeling with pathways},
  author={Chowdhery, Aakanksha and Narang, Sharan and Devlin, Jacob and Bosma, Maarten and Mishra, Gaurav and Roberts, Adam and Barham, Paul and Chung, Hyung Won and Sutton, Charles and Gehrmann, Sebastian and others},
  journal={Journal of Machine Learning Research},
  volume={24},
  number={240},
  pages={1--113},
  year={2023}
}



@article{anil2023palm,
  title={Palm 2 technical report},
  author={Anil, Rohan and Dai, Andrew M and Firat, Orhan and Johnson, Melvin and Lepikhin, Dmitry and Passos, Alexandre and Shakeri, Siamak and Taropa, Emanuel and Bailey, Paige and Chen, Zhifeng and others},
  journal={arXiv preprint arXiv:2305.10403},
  year={2023}
}

@article{touvron2023llama,
  title={Llama: Open and efficient foundation language models},
  author={Touvron, Hugo and Lavril, Thibaut and Izacard, Gautier and Martinet, Xavier and Lachaux, Marie-Anne and Lacroix, Timoth{\'e}e and Rozi{\`e}re, Baptiste and Goyal, Naman and Hambro, Eric and Azhar, Faisal and others},
  journal={arXiv preprint arXiv:2302.13971},
  year={2023}
}

@article{qiu2024wanjuan,
  title={WanJuan-CC: A Safe and High-Quality Open-sourced English Webtext Dataset},
  author={Qiu, Jiantao and Lv, Haijun and Jin, Zhenjiang and Wang, Rui and Ning, Wenchang and Yu, Jia and Zhang, ChaoBin and Chu, Pei and Qu, Yuan and Peng, Runyu and others},
  journal={arXiv preprint arXiv:2402.19282},
  year={2024}
}

@article{zeng2021pangu,
  title={PanGu-$\alpha$: Large-scale Autoregressive Pretrained Chinese Language Models with Auto-parallel Computation},
  author={Zeng, Wei and Ren, Xiaozhe and Su, Teng and Wang, Hui and Liao, Yi and Wang, Zhiwei and Jiang, Xin and Yang, ZhenZhang and Wang, Kaisheng and Zhang, Xiaoda and others},
  journal={arXiv preprint arXiv:2104.12369},
  year={2021}
}

@article{gao2020pile,
  title={The pile: An 800gb dataset of diverse text for language modeling},
  author={Gao, Leo and Biderman, Stella and Black, Sid and Golding, Laurence and Hoppe, Travis and Foster, Charles and Phang, Jason and He, Horace and Thite, Anish and Nabeshima, Noa and others},
  journal={arXiv preprint arXiv:2101.00027},
  year={2020}
}

@inproceedings{allamanis2019adverse,
  title={The adverse effects of code duplication in machine learning models of code},
  author={Allamanis, Miltiadis},
  booktitle={Proceedings of the 2019 ACM SIGPLAN International Symposium on New Ideas, New Paradigms, and Reflections on Programming and Software},
  pages={143--153},
  year={2019}
}

@article{lee2021deduplicating,
  title={Deduplicating training data makes language models better},
  author={Lee, Katherine and Ippolito, Daphne and Nystrom, Andrew and Zhang, Chiyuan and Eck, Douglas and Callison-Burch, Chris and Carlini, Nicholas},
  journal={arXiv preprint arXiv:2107.06499},
  year={2021}
}

@article{abbas2023semdedup,
  title={Semdedup: Data-efficient learning at web-scale through semantic deduplication},
  author={Abbas, Amro and Tirumala, Kushal and Simig, D{\'a}niel and Ganguli, Surya and Morcos, Ari S},
  journal={arXiv preprint arXiv:2303.09540},
  year={2023}
}

@article{jiang2022fuzzydedup,
  title={FuzzyDedup: Secure fuzzy deduplication for cloud storage},
  author={Jiang, Tao and Yuan, Xu and Chen, Yuan and Cheng, Ke and Wang, Liangmin and Chen, Xiaofeng and Ma, Jianfeng},
  journal={IEEE Transactions on Dependable and Secure Computing},
  year={2022},
  publisher={IEEE}
}

@article{tirumala2024d4,
  title={D4: Improving llm pretraining via document de-duplication and diversification},
  author={Tirumala, Kushal and Simig, Daniel and Aghajanyan, Armen and Morcos, Ari},
  journal={Advances in Neural Information Processing Systems},
  volume={36},
  year={2024}
}

@article{gururangan2020don,
  title={Don't stop pretraining: Adapt language models to domains and tasks},
  author={Gururangan, Suchin and Marasovi{\'c}, Ana and Swayamdipta, Swabha and Lo, Kyle and Beltagy, Iz and Downey, Doug and Smith, Noah A},
  journal={arXiv preprint arXiv:2004.10964},
  year={2020}
}

@inproceedings{du2022glam,
  title={Glam: Efficient scaling of language models with mixture-of-experts},
  author={Du, Nan and Huang, Yanping and Dai, Andrew M and Tong, Simon and Lepikhin, Dmitry and Xu, Yuanzhong and Krikun, Maxim and Zhou, Yanqi and Yu, Adams Wei and Firat, Orhan and others},
  booktitle={International Conference on Machine Learning},
  pages={5547--5569},
  year={2022},
  organization={PMLR}
}

@article{dubey2024llama,
  title={The llama 3 herd of models},
  author={Dubey, Abhimanyu and Jauhri, Abhinav and Pandey, Abhinav and Kadian, Abhishek and Al-Dahle, Ahmad and Letman, Aiesha and Mathur, Akhil and Schelten, Alan and Yang, Amy and Fan, Angela and others},
  journal={arXiv preprint arXiv:2407.21783},
  year={2024}
}

@article{caoinstruction,
  title={Instruction Mining: Instruction Data Selection for Tuning Large Language Models},
  author={Cao, Yihan and Kang, Yanbin and Wang, Chi and Sun, Lichao}
}

@article{li2023quantity,
  title={From quantity to quality: Boosting llm performance with self-guided data selection for instruction tuning},
  author={Li, Ming and Zhang, Yong and Li, Zhitao and Chen, Jiuhai and Chen, Lichang and Cheng, Ning and Wang, Jianzong and Zhou, Tianyi and Xiao, Jing},
  journal={arXiv preprint arXiv:2308.12032},
  year={2023}
}

@article{wei2023instructiongpt,
  title={Instructiongpt-4: A 200-instruction paradigm for fine-tuning minigpt-4},
  author={Wei, Lai and Jiang, Zihao and Huang, Weiran and Sun, Lichao},
  journal={arXiv preprint arXiv:2308.12067},
  year={2023}
}

@article{chen2023alpagasus,
  title={Alpagasus: Training a better alpaca with fewer data},
  author={Chen, Lichang and Li, Shiyang and Yan, Jun and Wang, Hai and Gunaratna, Kalpa and Yadav, Vikas and Tang, Zheng and Srinivasan, Vijay and Zhou, Tianyi and Huang, Heng and others},
  journal={arXiv preprint arXiv:2307.08701},
  year={2023}
}

@article{albalak2024survey,
  title={A survey on data selection for language models},
  author={Albalak, Alon and Elazar, Yanai and Xie, Sang Michael and Longpre, Shayne and Lambert, Nathan and Wang, Xinyi and Muennighoff, Niklas and Hou, Bairu and Pan, Liangming and Jeong, Haewon and others},
  journal={arXiv preprint arXiv:2402.16827},
  year={2024}
}

@article{soldaini2024dolma,
  title={Dolma: An open corpus of three trillion tokens for language model pretraining research},
  author={Soldaini, Luca and Kinney, Rodney and Bhagia, Akshita and Schwenk, Dustin and Atkinson, David and Authur, Russell and Bogin, Ben and Chandu, Khyathi and Dumas, Jennifer and Elazar, Yanai and others},
  journal={arXiv preprint arXiv:2402.00159},
  year={2024}
}

@article{conneau2019cross,
  title={Cross-lingual language model pretraining},
  author={Conneau, Alexis and Lample, Guillaume},
  journal={Advances in neural information processing systems},
  volume={32},
  year={2019}
}

@article{wenzek2019ccnet,
  title={CCNet: Extracting high quality monolingual datasets from web crawl data},
  author={Wenzek, Guillaume and Lachaux, Marie-Anne and Conneau, Alexis and Chaudhary, Vishrav and Guzm{\'a}n, Francisco and Joulin, Armand and Grave, Edouard},
  journal={arXiv preprint arXiv:1911.00359},
  year={2019}
}

@article{laurenccon2022bigscience,
  title={The bigscience roots corpus: A 1.6 tb composite multilingual dataset},
  author={Lauren{\c{c}}on, Hugo and Saulnier, Lucile and Wang, Thomas and Akiki, Christopher and Villanova del Moral, Albert and Le Scao, Teven and Von Werra, Leandro and Mou, Chenghao and Gonz{\'a}lez Ponferrada, Eduardo and Nguyen, Huu and others},
  journal={Advances in Neural Information Processing Systems},
  volume={35},
  pages={31809--31826},
  year={2022}
}

@article{bai2022constitutional,
  title={Constitutional AI: harmlessness from AI feedback. 2022},
  author={Bai, Yuntao and Kadavath, Saurav and Kundu, Sandipan and Askell, Amanda and Kernion, Jackson and Jones, Andy and Chen, Anna and Goldie, Anna and Mirhoseini, Azalia and McKinnon, Cameron and others},
  journal={arXiv preprint arXiv:2212.08073},
  year={2022}
}

@article{gunasekar2023textbooks,
  title={Textbooks are all you need},
  author={Gunasekar, Suriya and Zhang, Yi and Aneja, Jyoti and Mendes, Caio C{\'e}sar Teodoro and Del Giorno, Allie and Gopi, Sivakanth and Javaheripi, Mojan and Kauffmann, Piero and de Rosa, Gustavo and Saarikivi, Olli and others},
  journal={arXiv preprint arXiv:2306.11644},
  year={2023}
}

@article{dubois2024alpacafarm,
  title={Alpacafarm: A simulation framework for methods that learn from human feedback},
  author={Dubois, Yann and Li, Chen Xuechen and Taori, Rohan and Zhang, Tianyi and Gulrajani, Ishaan and Ba, Jimmy and Guestrin, Carlos and Liang, Percy S and Hashimoto, Tatsunori B},
  journal={Advances in Neural Information Processing Systems},
  volume={36},
  year={2024}
}

@misc{li2023alpacaeval,
  title={Alpacaeval: An automatic evaluator of instruction-following models},
  author={Li, Xuechen and Zhang, Tianyi and Dubois, Yann and Taori, Rohan and Gulrajani, Ishaan and Guestrin, Carlos and Liang, Percy and Hashimoto, Tatsunori B},
  year={2023}
}

@article{fernandes2023devil,
  title={The devil is in the errors: Leveraging large language models for fine-grained machine translation evaluation},
  author={Fernandes, Patrick and Deutsch, Daniel and Finkelstein, Mara and Riley, Parker and Martins, Andr{\'e} FT and Neubig, Graham and Garg, Ankush and Clark, Jonathan H and Freitag, Markus and Firat, Orhan},
  journal={arXiv preprint arXiv:2308.07286},
  year={2023}
}

@article{bai2024benchmarking,
  title={Benchmarking foundation models with language-model-as-an-examiner},
  author={Bai, Yushi and Ying, Jiahao and Cao, Yixin and Lv, Xin and He, Yuze and Wang, Xiaozhi and Yu, Jifan and Zeng, Kaisheng and Xiao, Yijia and Lyu, Haozhe and others},
  journal={Advances in Neural Information Processing Systems},
  volume={36},
  year={2024}
}

@article{zhang2023opt,
  title={Opt: Open pre-trained transformer language models, 2022},
  author={Zhang, Susan and Roller, Stephen and Goyal, Naman and Artetxe, Mikel and Chen, Moya and Chen, Shuohui and Dewan, Christopher and Diab, Mona and Li, Xian and Lin, Xi Victoria and others},
  journal={URL https://arxiv. org/abs/2205.01068},
  volume={3},
  pages={19--0},
  year={2023}
}

@article{javaheripi2023phi,
  title={Phi-2: The surprising power of small language models},
  author={Javaheripi, Mojan and Bubeck, S{\'e}bastien and Abdin, Marah and Aneja, Jyoti and Bubeck, Sebastien and Mendes, Caio C{\'e}sar Teodoro and Chen, Weizhu and Del Giorno, Allie and Eldan, Ronen and Gopi, Sivakanth and others},
  journal={Microsoft Research Blog},
  year={2023}
}

@article{civril2007finding,
  title={Finding maximum Volume sub-matrices of a matrix},
  author={Civril, Ali and Magdon-Ismail, Malik},
  journal={RPI Comp Sci Dept TR},
  pages={07--08},
  year={2007},
  publisher={Citeseer}
}

@article{kulesza2012determinantal,
  title={Determinantal point processes for machine learning},
  author={Kulesza, Alex and Taskar, Ben and others},
  journal={Foundations and Trends{\textregistered} in Machine Learning},
  volume={5},
  number={2--3},
  pages={123--286},
  year={2012},
  publisher={Now Publishers, Inc.}
}

@article{bradley1952rank,
  title={Rank analysis of incomplete block designs: I. The method of paired comparisons},
  author={Bradley, Ralph Allan and Terry, Milton E},
  journal={Biometrika},
  volume={39},
  number={3/4},
  pages={324--345},
  year={1952},
  publisher={JSTOR}
}

@article{macchi1975coincidence,
  title={The coincidence approach to stochastic point processes},
  author={Macchi, Odile},
  journal={Advances in Applied Probability},
  volume={7},
  number={1},
  pages={83--122},
  year={1975},
  publisher={Cambridge University Press}
}

@article{borodin2000distributions,
  title={Distributions on Partitions, Point Processes and the Hypergeometric Kernel},
  author={Borodin, Alexei and Olshanski, Grigori},
  journal={Communications in Mathematical Physics},
  volume={211},
  pages={335--358},
  year={2000},
  publisher={Springer}
}

@article{GPBV19,
  author = {Gautier, Guillaume and Polito, Guillermo and Bardenet, R{\'{e}}mi and Valko, Michal},
  journal = {Journal of Machine Learning Research - Machine Learning Open Source Software (JMLR-MLOSS)},
  title = {{DPPy: DPP Sampling with Python}},
  keywords = {Computer Science - Machine Learning, Computer Science - Mathematical Software, Statistics - Machine Learning},
  url = {http://jmlr.org/papers/v20/19-179.html},
  year = {2019},
  archivePrefix = {arXiv},
  arxivId = {1809.07258},
  note = {Code at http://github.com/guilgautier/DPPy/ Documentation at http://dppy.readthedocs.io/}
}

@article{hough2006determinantal,
  title={Determinantal processes and independence},
  author={Hough, J Ben and Krishnapur, Manjunath and Peres, Yuval and Vir{\'a}g, B{\'a}lint},
  year={2006}
}

@article{tremblay2018optimized,
  title={Optimized algorithms to sample determinantal point processes},
  author={Tremblay, Nicolas and Barthelme, Simon and Amblard, Pierre-Olivier},
  journal={arXiv preprint arXiv:1802.08471},
  year={2018}
}

@inproceedings{korbak2023pretraining,
  title={Pretraining language models with human preferences},
  author={Korbak, Tomasz and Shi, Kejian and Chen, Angelica and Bhalerao, Rasika Vinayak and Buckley, Christopher and Phang, Jason and Bowman, Samuel R and Perez, Ethan},
  booktitle={International Conference on Machine Learning},
  pages={17506--17533},
  year={2023},
  organization={PMLR}
}

@article{achiam2023gpt,
  title={Gpt-4 technical report},
  author={Achiam, Josh and Adler, Steven and Agarwal, Sandhini and Ahmad, Lama and Akkaya, Ilge and Aleman, Florencia Leoni and Almeida, Diogo and Altenschmidt, Janko and Altman, Sam and Anadkat, Shyamal and others},
  journal={arXiv preprint arXiv:2303.08774},
  year={2023}
}

@misc{commoncrawl,
  author = {{Common Crawl}},
  title = {{Common Crawl Dataset}},
  howpublished = {\url{https://commoncrawl.org}},
  year = {2024}
}

@article{hu2021lora,
  title={Lora: Low-rank adaptation of large language models},
  author={Hu, Edward J and Shen, Yelong and Wallis, Phillip and Allen-Zhu, Zeyuan and Li, Yuanzhi and Wang, Shean and Wang, Lu and Chen, Weizhu},
  journal={arXiv preprint arXiv:2106.09685},
  year={2021}
}

@inproceedings{kool2019stochastic,
  title={Stochastic beams and where to find them: The gumbel-top-k trick for sampling sequences without replacement},
  author={Kool, Wouter and Van Hoof, Herke and Welling, Max},
  booktitle={International Conference on Machine Learning},
  pages={3499--3508},
  year={2019},
  organization={PMLR}
}

@book{erdHos2017dynamical,
  title={A dynamical approach to random matrix theory},
  author={Erd{\H{o}}s, L{\'a}szl{\'o} and Yau, Horng-Tzer},
  volume={28},
  year={2017},
  publisher={American Mathematical Soc.}
}

@article{kendall1938new,
  title={A new measure of rank correlation},
  author={Kendall, Maurice G},
  journal={Biometrika},
  volume={30},
  number={1-2},
  pages={81--93},
  year={1938},
  publisher={Oxford University Press}
}

@article{hunter2004mm,
  title={MM algorithms for generalized Bradley-Terry models},
  author={Hunter, David R},
  journal={The annals of statistics},
  volume={32},
  number={1},
  pages={384--406},
  year={2004},
  publisher={Institute of Mathematical Statistics}
}

@book{vershynin2018high,
  title={High-dimensional probability: An introduction with applications in data science},
  author={Vershynin, Roman},
  volume={47},
  year={2018},
  publisher={Cambridge university press}
}

@article{yang2024p3,
  title={P3: A Policy-Driven, Pace-Adaptive, and Diversity-Promoted Framework for Optimizing LLM Training},
  author={Yang, Yingxuan and Wang, Huayi and Wen, Muning and Zhang, Weinan},
  journal={arXiv preprint arXiv:2408.05541},
  year={2024}
}

@article{wu2023self,
  title={Self-evolved diverse data sampling for efficient instruction tuning},
  author={Wu, Shengguang and Lu, Keming and Xu, Benfeng and Lin, Junyang and Su, Qi and Zhou, Chang},
  journal={arXiv preprint arXiv:2311.08182},
  year={2023}
}

@article{xia2024less,
  title={Less: Selecting influential data for targeted instruction tuning},
  author={Xia, Mengzhou and Malladi, Sadhika and Gururangan, Suchin and Arora, Sanjeev and Chen, Danqi},
  journal={arXiv preprint arXiv:2402.04333},
  year={2024}
}

@article{reimers2019sentence,
  title={Sentence-BERT: Sentence Embeddings using Siamese BERT-Networks},
  author={Reimers, N},
  journal={arXiv preprint arXiv:1908.10084},
  year={2019}
}

@article{wang2024helpsteer2,
  title={HelpSteer2: Open-source dataset for training top-performing reward models},
  author={Wang, Zhilin and Dong, Yi and Delalleau, Olivier and Zeng, Jiaqi and Shen, Gerald and Egert, Daniel and Zhang, Jimmy J and Sreedhar, Makesh Narsimhan and Kuchaiev, Oleksii},
  journal={arXiv preprint arXiv:2406.08673},
  year={2024}
}

@inproceedings{huang2024collective,
  title={Collective Constitutional AI: Aligning a Language Model with Public Input},
  author={Huang, Saffron and Siddarth, Divya and Lovitt, Liane and Liao, Thomas I and Durmus, Esin and Tamkin, Alex and Ganguli, Deep},
  booktitle={The 2024 ACM Conference on Fairness, Accountability, and Transparency},
  pages={1395--1417},
  year={2024}
}