% Long form of conference & journal abbreviations -- especially for camera ready
@String(PAMI  = {IEEE Trans. Pattern Anal. Mach. Intell.})
@String(IJCV  = {Int. J. Comput. Vis.})
@String(CVPR  = {IEEE Conf. Comput. Vis. Pattern Recog.})
@String(ICCV  = {Int. Conf. Comput. Vis.})
@String(ECCV  = {Eur. Conf. Comput. Vis.})
@String(NeurIPS = {Adv. Neural Inform. Process. Syst.})
@String(ICML  = {Int. Conf. Mach. Learn.})
@String(ICLR  = {Int. Conf. Learn. Represent.})
@String(ACCV  = {Asian Conf. Comput. Vis.})
@String(BMVC  = {Brit. Mach. Vis. Conf.})
@String(CVPRW = {IEEE Conf. Comput. Vis. Pattern Recog. Worksh.})
@String(AAAI  = {AAAI})
@String(IJCAI = {IJCAI})
@String(ICIP  = {IEEE Int. Conf. Image Process.})
@String(ICPR  = {Int. Conf. Pattern Recog.})
@String(ICASSP=	{ICASSP})
@String(ICME  = {Int. Conf. Multimedia and Expo})
@String(JMLR  = {J. Mach. Learn. Res.})
@String(TMLR  = {Trans. Mach. Learn Res.})
@String(TOG   = {ACM Trans. Graph.})
@String(TIP   = {IEEE Trans. Image Process.})
@String(TVCG  = {IEEE Trans. Vis. Comput. Graph.})
@String(TCSVT = {IEEE Trans. Circuit Syst. Video Technol.})
@String(TMM   = {IEEE Trans. Multimedia})
@String(ACMMM = {ACM Int. Conf. Multimedia})
@String(PR    = {Pattern Recognition})

@String(MNI	  = {Nature Mach. Intell.})
@String(SPL	  = {IEEE Sign. Process. Letters})
@String(VR    = {Vis. Res.})
@String(JOV	  = {J. Vis.})
@String(TVC   = {The Vis. Comput.})
@String(JCST  = {J. Comput. Sci. Tech.})
@String(CGF   = {Comput. Graph. Forum})
@String(CVM   = {Computational Visual Media})


% Short form of conference & journal abbreviations -- especially for submission version
% if desired, remove these macros in favor of the above ones
@String(PAMI  = {IEEE TPAMI})
@String(IJCV  = {IJCV})
@String(CVPR  = {CVPR})
@String(ICCV  = {ICCV})
@String(ECCV  = {ECCV})
@String(NeurIPS = {NeurIPS})
@String(ICML  = {ICML})
@String(ICLR  = {ICLR})
@String(ACCV  = {ACCV})
@String(BMVC  =	{BMVC})
@String(CVPRW = {CVPRW})
@String(AAAI  = {AAAI})
@String(IJCAI = {IJCAI})
@String(ICIP  = {ICIP})
@String(ICPR  = {ICPR})
@String(ICASSP=	{ICASSP})
@String(ICME  =	{ICME})
@String(JMLR  = {JMLR})
@String(TMLR  = {TMLR})
@String(TOG   = {ACM TOG})
@String(TIP   = {IEEE TIP})
@String(TVCG  = {IEEE TVCG})
@String(TCSVT = {IEEE TCSVT})
@String(TMM   =	{IEEE TMM})
@String(ACMMM = {ACM MM})
@String(PR    = {PR})



@misc{Anonymous24,
 author = {Anonymous},
 title = {The frobnicatable foo filter},
 note = {{ECCV} submission ID 00324, supplied as supplemental material {\tt 00324.pdf}},
 year = 2024
}

@misc{Anonymous24b,
 author = {Anonymous},
 title = {Frobnication tutorial},
 note = {Supplied as supplemental material {\tt tr.pdf}},
 year = 2024
}

@article{Alpher02,
author = {FirstName Alpher},
title = {Frobnication},
journal = PAMI,
volume = 12,
number = 1,
pages = {234--778},
year = 2002
}

@article{Alpher03,
author = {FirstName Alpher and FirstName Fotheringham-Smythe},
title = {Frobnication revisited},
journal = {Journal of Foo},
volume = 13,
number = 1,
pages = {234--778},
year = 2003
}

@article{Alpher04,
author = {FirstName Alpher and FirstName Fotheringham-Smythe and FirstName Gamow},
title = {Can a machine frobnicate?},
journal = {Journal of Foo},
volume = 14,
number = 1,
pages = {234--778},
year = 2004
}

@inproceedings{Alpher05,
author = {FirstName Alpher and FirstName Gamow},
title = {Can a computer frobnicate?},
booktitle = CVPR,
pages = {234--778},
year = 2005
}

@book{ECCV2022,
    editor = {Shai Avidan and Gabriel Brostow and Moustapha Ciss√© and Giovanni Maria Farinella and Tal Hassner},
    title = {Computer Vision -- ECCV 2022},
    year = {2022},
    publisher = {Springer},
    doi = {10.1007/978-3-031-19769-7}
}

@article{balaji2022ediffi,
  title={ediffi: Text-to-image diffusion models with an ensemble of expert denoisers},
  author={Balaji, Yogesh and Nah, Seungjun and Huang, Xun and Vahdat, Arash and Song, Jiaming and Kreis, Karsten and Aittala, Miika and Aila, Timo and Laine, Samuli and Catanzaro, Bryan and others},
  journal={arXiv preprint arXiv:2211.01324},
  year={2022}
}
@article{huang2023composer,
  title={Composer: Creative and controllable image synthesis with composable conditions},
  author={Huang, Lianghua and Chen, Di and Liu, Yu and Shen, Yujun and Zhao, Deli and Zhou, Jingren},
  journal={arXiv preprint arXiv:2302.09778},
  year={2023}
}
@article{nichol2021glide,
  title={Glide: Towards photorealistic image generation and editing with text-guided diffusion models},
  author={Nichol, Alex and Dhariwal, Prafulla and Ramesh, Aditya and Shyam, Pranav and Mishkin, Pamela and McGrew, Bob and Sutskever, Ilya and Chen, Mark},
  journal={arXiv preprint arXiv:2112.10741},
  year={2021}
}
@article{ramesh2022hierarchical,
  title={Hierarchical text-conditional image generation with clip latents},
  author={Ramesh, Aditya and Dhariwal, Prafulla and Nichol, Alex and Chu, Casey and Chen, Mark},
  journal={arXiv preprint arXiv:2204.06125},
  year={2022}
}
@inproceedings{rombach2022high,
  title={High-resolution image synthesis with latent diffusion models},
  author={Rombach, Robin and Blattmann, Andreas and Lorenz, Dominik and Esser, Patrick and Ommer, Bj{\"o}rn},
  booktitle={Proceedings of the IEEE/CVF Conference on Computer Vision and Pattern Recognition},
  year={2022}
}
@article{saharia2022photorealistic,
  title={Photorealistic text-to-image diffusion models with deep language understanding},
  author={Saharia, Chitwan and Chan, William and Saxena, Saurabh and Li, Lala and Whang, Jay and Denton, Emily L and Ghasemipour, Kamyar and Gontijo Lopes, Raphael and Karagol Ayan, Burcu and Salimans, Tim and others},
  journal={Advances in Neural Information Processing Systems},
  year={2022}
}
@inproceedings{zhang2023adding,
  title={Adding conditional control to text-to-image diffusion models},
  author={Zhang, Lvmin and Rao, Anyi and Agrawala, Maneesh},
  booktitle={Proceedings of the IEEE/CVF International Conference on Computer Vision},
  year={2023}
}
@article{mou2023t2i,
  title={T2i-adapter: Learning adapters to dig out more controllable ability for text-to-image diffusion models},
  author={Mou, Chong and Wang, Xintao and Xie, Liangbin and Wu, Yanze and Zhang, Jian and Qi, Zhongang and Shan, Ying and Qie, Xiaohu},
  journal={arXiv preprint arXiv:2302.08453},
  year={2023}
}
@article{ye2023ip,
  title={Ip-adapter: Text compatible image prompt adapter for text-to-image diffusion models},
  author={Ye, Hu and Zhang, Jun and Liu, Sibo and Han, Xiao and Yang, Wei},
  journal={arXiv preprint arXiv:2308.06721},
  year={2023}
}

@article{wang2023disco,
  title={Disco: Disentangled control for referring human dance generation in real world},
  author={Wang, Tan and Li, Linjie and Lin, Kevin and Zhai, Yuanhao and Lin, Chung-Ching and Yang, Zhengyuan and Zhang, Hanwang and Liu, Zicheng and Wang, Lijuan},
  journal={arXiv preprint arXiv:2307.00040},
  year={2023}
}

@inproceedings{chan2019everybody,
  title={Everybody dance now},
  author={Chan, Caroline and Ginosar, Shiry and Zhou, Tinghui and Efros, Alexei A},
  booktitle={Proceedings of the IEEE/CVF International Conference on Computer Vision},
  year={2019}
}
@article{ren2020deep,
  title={Deep spatial transformation for pose-guided person image generation and animation},
  author={Ren, Yurui and Li, Ge and Liu, Shan and Li, Thomas H},
  journal={IEEE Transactions on Image Processing},
  volume={29},
  pages={8622--8635},
  year={2020},
  publisher={IEEE}
}
@article{siarohin2019first,
  title={First order motion model for image animation},
  author={Siarohin, Aliaksandr and Lathuili{\`e}re, St{\'e}phane and Tulyakov, Sergey and Ricci, Elisa and Sebe, Nicu},
  journal={Advances in Neural Information Processing Systems},
  volume={32},
  year={2019}
}
@inproceedings{siarohin2021motion,
  title={Motion representations for articulated animation},
  author={Siarohin, Aliaksandr and Woodford, Oliver J and Ren, Jian and Chai, Menglei and Tulyakov, Sergey},
  booktitle={Proceedings of the IEEE/CVF Conference on Computer Vision and Pattern Recognition},
  year={2021}
}
@inproceedings{yu2023bidirectionally,
  title={Bidirectionally deformable motion modulation for video-based human pose transfer},
  author={Yu, Wing-Yin and Po, Lai-Man and Cheung, Ray CC and Zhao, Yuzhi and Xue, Yu and Li, Kun},
  booktitle={Proceedings of the IEEE/CVF International Conference on Computer Vision},
  year={2023}
}
@inproceedings{zhang2022exploring,
  title={Exploring dual-task correlation for pose guided person image generation},
  author={Zhang, Pengze and Yang, Lingxiao and Lai, Jian-Huang and Xie, Xiaohua},
  booktitle={Proceedings of the IEEE/CVF Conference on Computer Vision and Pattern Recognition},
  year={2022}
}
@inproceedings{zhao2022thin,
  title={Thin-plate spline motion model for image animation},
  author={Zhao, Jian and Zhang, Hui},
  booktitle={Proceedings of the IEEE/CVF Conference on Computer Vision and Pattern Recognition},
  year={2022}
}
@inproceedings{yoon2021pose,
  title={Pose-guided human animation from a single image in the wild},
  author={Yoon, Jae Shin and Liu, Lingjie and Golyanik, Vladislav and Sarkar, Kripasindhu and Park, Hyun Soo and Theobalt, Christian},
  booktitle={Proceedings of the IEEE/CVF Conference on Computer Vision and Pattern Recognition},
  year={2021}
}
@inproceedings{bhunia2023person,
  title={Person image synthesis via denoising diffusion model},
  author={Bhunia, Ankan Kumar and Khan, Salman and Cholakkal, Hisham and Anwer, Rao Muhammad and Laaksonen, Jorma and Shah, Mubarak and Khan, Fahad Shahbaz},
  booktitle={Proceedings of the IEEE/CVF Conference on Computer Vision and Pattern Recognition},
  year={2023}
}
@inproceedings{karras2023dreampose,
  title={Dreampose: Fashion video synthesis with stable diffusion},
  author={Karras, Johanna and Holynski, Aleksander and Wang, Ting-Chun and Kemelmacher-Shlizerman, Ira},
  booktitle={Proceedings of the IEEE/CVF International Conference on Computer Vision},
  year={2023}
}
@inproceedings{radford2021learning,
  title={Learning transferable visual models from natural language supervision},
  author={Radford, Alec and Kim, Jong Wook and Hallacy, Chris and Ramesh, Aditya and Goh, Gabriel and Agarwal, Sandhini and Sastry, Girish and Askell, Amanda and Mishkin, Pamela and Clark, Jack and others},
  booktitle={International Conference on Machine Learning},
  year={2021},
  organization={PMLR}
}
@article{kingma2013auto,
  title={Auto-encoding variational bayes},
  author={Kingma, Diederik P and Welling, Max},
  journal={arXiv preprint arXiv:1312.6114},
  year={2013}
}
@article{hu2023animate,
  title={Animate anyone: Consistent and controllable image-to-video synthesis for character animation},
  author={Hu, Li and Gao, Xin and Zhang, Peng and Sun, Ke and Zhang, Bang and Bo, Liefeng},
  journal={arXiv preprint arXiv:2311.17117},
  year={2023}
}
@article{guo2023animatediff,
  title={Animatediff: Animate your personalized text-to-image diffusion models without specific tuning},
  author={Guo, Yuwei and Yang, Ceyuan and Rao, Anyi and Wang, Yaohui and Qiao, Yu and Lin, Dahua and Dai, Bo},
  journal={arXiv preprint arXiv:2307.04725},
  year={2023}
}
@article{xu2023magicanimate,
  title={Magicanimate: Temporally consistent human image animation using diffusion model},
  author={Xu, Zhongcong and Zhang, Jianfeng and Liew, Jun Hao and Yan, Hanshu and Liu, Jia-Wei and Zhang, Chenxu and Feng, Jiashi and Shou, Mike Zheng},
  journal={arXiv preprint arXiv:2311.16498},
  year={2023}
}
@inproceedings{guler2018dense,
  title={Dense human pose estimation in the wild},
  author={Guler, RA and Neverova, Natalia and DensePose, IK},
  booktitle={Proceedings of the IEEE/CVF Conference on Computer Vision and Pattern Recognition},
  year={2018}
}
@inproceedings{cao2017realtime,
  title={Realtime multi-person 2d pose estimation using part affinity fields},
  author={Cao, Zhe and Simon, Tomas and Wei, Shih-En and Sheikh, Yaser},
  booktitle={Proceedings of the IEEE/CVF Conference on Computer Vision and Pattern Recognition},
  year={2017}
}

@article{SMPL:2015,
      author = {Loper, Matthew and Mahmood, Naureen and Romero, Javier and Pons-Moll, Gerard and Black, Michael J.},
      title = {{SMPL}: A Skinned Multi-Person Linear Model},
      journal = {ACM Trans. Graphics (Proc. SIGGRAPH Asia)},
      month = oct,
      number = {6},
      pages = {248:1--248:16},
      publisher = {ACM},
      volume = {34},
      year = {2015}
    }

@inproceedings{hassan2021populating,
  title={Populating 3D scenes by learning human-scene interaction},
  author={Hassan, Mohamed and Ghosh, Partha and Tesch, Joachim and Tzionas, Dimitrios and Black, Michael J},
  booktitle={Proceedings of the IEEE/CVF Conference on Computer Vision and Pattern Recognition},
  year={2021}
}
@inproceedings{ma2020learning,
  title={Learning to dress 3d people in generative clothing},
  author={Ma, Qianli and Yang, Jinlong and Ranjan, Anurag and Pujades, Sergi and Pons-Moll, Gerard and Tang, Siyu and Black, Michael J},
  booktitle={Proceedings of the IEEE/CVF Conference on Computer Vision and Pattern Recognition},
  year={2020}
}
@inproceedings{he2021arch,
  title={Arch++: Animation-ready clothed human reconstruction revisited},
  author={He, Tong and Xu, Yuanlu and Saito, Shunsuke and Soatto, Stefano and Tung, Tony},
  booktitle={Proceedings of the IEEE/CVF International Conference on Computer Vision},
  year={2021}
}
@inproceedings{alldieck2018video,
  title={Video based reconstruction of 3d people models},
  author={Alldieck, Thiemo and Magnor, Marcus and Xu, Weipeng and Theobalt, Christian and Pons-Moll, Gerard},
  booktitle={Proceedings of the IEEE Conference on Computer Vision and Pattern Recognition},
  year={2018}
}
@article{lu2023dposer,
  title={DPoser: Diffusion Model as Robust 3D Human Pose Prior},
  author={Lu, Junzhe and Lin, Jing and Dou, Hongkun and Zhang, Yulun and Deng, Yue and Wang, Haoqian},
  journal={arXiv preprint arXiv:2312.05541},
  year={2023}
}
@article{mu2023actorsnerf,
  title={ActorsNeRF: Animatable Few-shot Human Rendering with Generalizable NeRFs},
  author={Mu, Jiteng and Sang, Shen and Vasconcelos, Nuno and Wang, Xiaolong},
  journal={arXiv preprint arXiv:2304.14401},
  year={2023}
}
@inproceedings{yang2023effective,
  title={Effective whole-body pose estimation with two-stages distillation},
  author={Yang, Zhendong and Zeng, Ailing and Yuan, Chun and Li, Yu},
  booktitle={Proceedings of the IEEE/CVF International Conference on Computer Vision},
  year={2023}
}
@article{feng2023dreamoving,
  title={DreaMoving: A Human Dance Video Generation Framework based on Diffusion Models},
  author={Feng, Mengyang and Liu, Jinlin and Yu, Kai and Yao, Yuan and Hui, Zheng and Guo, Xiefan and Lin, Xianhui and Xue, Haolan and Shi, Chen and Li, Xiaowen and others},
  journal={arXiv preprint arXiv:2312.05107},
  year={2023}
}

@article{Guler2018DensePose,
  title={DensePose: Dense Human Pose Estimation In The Wild},
  author={Riza Alp Guler, Natalia Neverova, Iasonas Kokkinos},
  journal={Proceedings of the IEEE/CVF Conference on Computer Vision and Pattern Recognition},
  year={2018}
}
@article{wang2004image,
  title={Image quality assessment: from error visibility to structural similarity},
  author={Wang, Zhou and Bovik, Alan C and Sheikh, Hamid R and Simoncelli, Eero P},
  journal={IEEE Transactions on Image Processing},
  volume={13},
  number={4},
  pages={600--612},
  year={2004},
  publisher={IEEE}
}
@inproceedings{zhang2018unreasonable,
  title={The unreasonable effectiveness of deep features as a perceptual metric},
  author={Zhang, Richard and Isola, Phillip and Efros, Alexei A and Shechtman, Eli and Wang, Oliver},
  booktitle={Proceedings of the IEEE/CVF Conference on Computer Vision and Pattern Recognition},
  year={2018}
}


@inproceedings{sohl2015deep,
  title={Deep unsupervised learning using nonequilibrium thermodynamics},
  author={Sohl-Dickstein, Jascha and Weiss, Eric and Maheswaranathan, Niru and Ganguli, Surya},
  booktitle={International Conference on Machine Learning},
  year={2015},
  organization={PMLR}
}

@article{ho2020denoising,
  title={Denoising diffusion probabilistic models},
  author={Ho, Jonathan and Jain, Ajay and Abbeel, Pieter},
  journal={Advances in Neural Information Processing Systems},
  year={2020}
}

@inproceedings{song2020score,
  title={Score-Based Generative Modeling through Stochastic Differential Equations},
  author={Song, Yang and Sohl-Dickstein, Jascha and Kingma, Diederik P and Kumar, Abhishek and Ermon, Stefano and Poole, Ben},
  booktitle={International Conference on Learning Representations},
  year={2020}
}

@inproceedings{ronneberger2015u,
  title={U-net: Convolutional networks for biomedical image segmentation},
  author={Ronneberger, Olaf and Fischer, Philipp and Brox, Thomas},
  booktitle={Medical Image Computing and Computer-Assisted Intervention},
  year={2015},
  organization={Springer}
}

@inproceedings{song2020denoising,
  title={Denoising Diffusion Implicit Models},
  author={Song, Jiaming and Meng, Chenlin and Ermon, Stefano},
  booktitle={International Conference on Learning Representations},
  year={2020}
}

@article{lu2022dpm,
  title={Dpm-solver: A fast ode solver for diffusion probabilistic model sampling in around 10 steps},
  author={Lu, Cheng and Zhou, Yuhao and Bao, Fan and Chen, Jianfei and Li, Chongxuan and Zhu, Jun},
  journal={Advances in Neural Information Processing Systems},
  year={2022}
}

@inproceedings{hertz2022prompt,
  title={Prompt-to-Prompt Image Editing with Cross-Attention Control},
  author={Hertz, Amir and Mokady, Ron and Tenenbaum, Jay and Aberman, Kfir and Pritch, Yael and Cohen-or, Daniel},
  booktitle={International Conference on Learning Representations},
  year={2022}
}


@article{zhang2023pia,
  title={Pia: Your personalized image animator via plug-and-play modules in text-to-image models},
  author={Zhang, Yiming and Xing, Zhening and Zeng, Yanhong and Fang, Youqing and Chen, Kai},
  journal={arXiv preprint arXiv:2312.13964},
  year={2023}
}



@article{ho2022video,
title={Video diffusion models},
author={Ho, Jonathan and Salimans, Tim and Gritsenko, Alexey and Chan, William and Norouzi, Mohammad and Fleet, David J},
journal={arXiv:2204.03458},
year={2022}}
}
@article{singer2022make,
  title={Make-a-video: Text-to-video generation without text-video data},
  author={Singer, Uriel and Polyak, Adam and Hayes, Thomas and Yin, Xi and An, Jie and Zhang, Songyang and Hu, Qiyuan and Yang, Harry and Ashual, Oron and Gafni, Oran and others},
  journal={arXiv preprint arXiv:2209.14792},
  year={2022}
}
@article{he2022latent,
  title={Latent video diffusion models for high-fidelity video generation with arbitrary lengths},
  author={He, Yingqing and Yang, Tianyu and Zhang, Yong and Shan, Ying and Chen, Qifeng},
  journal={arXiv preprint arXiv:2211.13221},
  year={2022}
}

@article{zhou2022magicvideo,
  title={Magicvideo: Efficient video generation with latent diffusion models},
  author={Zhou, Daquan and Wang, Weimin and Yan, Hanshu and Lv, Weiwei and Zhu, Yizhe and Feng, Jiashi},
  journal={arXiv preprint arXiv:2211.11018},
  year={2022}
}
@article{wang2023modelscope,
  title={Modelscope text-to-video technical report},
  author={Wang, Jiuniu and Yuan, Hangjie and Chen, Dayou and Zhang, Yingya and Wang, Xiang and Zhang, Shiwei},
  journal={arXiv preprint arXiv:2308.06571},
  year={2023}
}

@inproceedings{esser2021taming,
  title={Taming transformers for high-resolution image synthesis},
  author={Esser, Patrick and Rombach, Robin and Ommer, Bjorn},
  booktitle={Proceedings of the IEEE/CVF Conference on Computer Vision and Pattern Recognition},
  year={2021}
}

@inproceedings{blattmann2023align,
  title={Align your latents: High-resolution video synthesis with latent diffusion models},
  author={Blattmann, Andreas and Rombach, Robin and Ling, Huan and Dockhorn, Tim and Kim, Seung Wook and Fidler, Sanja and Kreis, Karsten},
  booktitle={Proceedings of the IEEE/CVF Conference on Computer Vision and Pattern Recognition},
  year={2023}
}

@article{an2023latent,
  title={Latent-shift: Latent diffusion with temporal shift for efficient text-to-video generation},
  author={An, Jie and Zhang, Songyang and Yang, Harry and Gupta, Sonal and Huang, Jia-Bin and Luo, Jiebo and Yin, Xi},
  journal={arXiv preprint arXiv:2304.08477},
  year={2023}
}

@article{wang2023videofactory,
  title={VideoFactory: Swap Attention in Spatiotemporal Diffusions for Text-to-Video Generation},
  author={Wang, Wenjing and Yang, Huan and Tuo, Zixi and He, Huiguo and Zhu, Junchen and Fu, Jianlong and Liu, Jiaying},
  journal={arXiv preprint arXiv:2305.10874},
  year={2023}
}


@article{bar2024lumiere,
  title={Lumiere: A space-time diffusion model for video generation},
  author={Bar-Tal, Omer and Chefer, Hila and Tov, Omer and Herrmann, Charles and Paiss, Roni and Zada, Shiran and Ephrat, Ariel and Hur, Junhwa and Li, Yuanzhen and Michaeli, Tomer and others},
  journal={arXiv preprint arXiv:2401.12945},
  year={2024}
}

@article{Girdhar2023EmuVF,
  title={Emu video: Factorizing text-to-video generation by explicit image conditioning},
  author={Girdhar, Rohit and Singh, Mannat and Brown, Andrew and Duval, Quentin and Azadi, Samaneh and Rambhatla, Sai Saketh and Shah, Akbar and Yin, Xi and Parikh, Devi and Misra, Ishan},
  journal={arXiv preprint arXiv:2311.10709},
  year={2023}
}




@article{chen2023videocrafter1,
  title={Videocrafter1: Open diffusion models for high-quality video generation},
  author={Chen, Haoxin and Xia, Menghan and He, Yingqing and Zhang, Yong and Cun, Xiaodong and Yang, Shaoshu and Xing, Jinbo and Liu, Yaofang and Chen, Qifeng and Wang, Xintao and others},
  journal={arXiv preprint arXiv:2310.19512},
  year={2023}
}

@article{jiang2023videobooth,
  title={VideoBooth: Diffusion-based Video Generation with Image Prompts},
  author={Jiang, Yuming and Wu, Tianxing and Yang, Shuai and Si, Chenyang and Lin, Dahua and Qiao, Yu and Loy, Chen Change and Liu, Ziwei},
  journal={arXiv preprint arXiv:2312.00777},
  year={2023}
}

@article{guo2023sparsectrl,
  title={SparseCtrl: Adding Sparse Controls to Text-to-Video Diffusion Models},
  author={Guo, Yuwei and Yang, Ceyuan and Rao, Anyi and Agrawala, Maneesh and Lin, Dahua and Dai, Bo},
  journal={arXiv preprint arXiv:2311.16933},
  year={2023}
}


@article{2023i2vgenxl,
title={I2VGen-XL: High-Quality Image-to-Video Synthesis via Cascaded Diffusion Models},
 author={Zhang, Shiwei* and Wang, Jiayu* and Zhang, Yingya* and Zhao, Kang and Yuan, Hangjie and Qing, Zhiwu and Wang, Xiang and Zhao, Deli and Zhou, Jingren},
 booktitle={arXiv preprint arXiv:2311.04145},
 year={2023}
}

@article{xing2023dynamicrafter,
  title={Dynamicrafter: Animating open-domain images with video diffusion priors},
  author={Xing, Jinbo and Xia, Menghan and Zhang, Yong and Chen, Haoxin and Wang, Xintao and Wong, Tien-Tsin and Shan, Ying},
  journal={arXiv preprint arXiv:2310.12190},
  year={2023}
}

@article{zhang2024moonshot,
  title={MoonShot: Towards Controllable Video Generation and Editing with Multimodal Conditions},
  author={Zhang, David Junhao and Li, Dongxu and Le, Hung and Shou, Mike Zheng and Xiong, Caiming and Sahoo, Doyen},
  journal={arXiv preprint arXiv:2401.01827},
  year={2024}
}

@article{guo2023i2v,
  title={I2V-Adapter: A General Image-to-Video Adapter for Video Diffusion Models},
  author={Guo, Xun and Zheng, Mingwu and Hou, Liang and Gao, Yuan and Deng, Yufan and Ma, Chongyang and Hu, Weiming and Zha, Zhengjun and Huang, Haibin and Wan, Pengfei and others},
  journal={arXiv preprint arXiv:2312.16693},
  year={2023}
}

@article{yin2023dragnuwa,
  title={Dragnuwa: Fine-grained control in video generation by integrating text, image, and trajectory},
  author={Yin, Shengming and Wu, Chenfei and Liang, Jian and Shi, Jie and Li, Houqiang and Ming, Gong and Duan, Nan},
  journal={arXiv preprint arXiv:2308.08089},
  year={2023}
}

@article{ma2023trailblazer,
  title={TrailBlazer: Trajectory Control for Diffusion-Based Video Generation},
  author={Ma, Wan-Duo Kurt and Lewis, JP and Kleijn, W Bastiaan},
  journal={arXiv preprint arXiv:2401.00896},
  year={2023}
}

@article{wang2023videocomposer,
  title={VideoComposer: Compositional Video Synthesis with Motion Controllability},
  author={Wang, Xiang and Yuan, Hangjie and Zhang, Shiwei and Chen, Dayou and Wang, Jiuniu and Zhang, Yingya and Shen, Yujun and Zhao, Deli and Zhou, Jingren},
  journal={arXiv preprint arXiv:2306.02018},
  year={2023}
}

@article{ho2022imagenvideo,
  title={Imagen video: High definition video generation with diffusion models},
  author={Ho, Jonathan and Chan, William and Saharia, Chitwan and Whang, Jay and Gao, Ruiqi and Gritsenko, Alexey and Kingma, Diederik P and Poole, Ben and Norouzi, Mohammad and Fleet, David J and others},
  journal={arXiv preprint arXiv:2210.02303},
  year={2022}
}

@article{blattmann2023stable,
      title={Stable Video Diffusion: Scaling Latent Video Diffusion Models to Large Datasets}, 
      author={Andreas Blattmann and Tim Dockhorn and Sumith Kulal and Daniel Mendelevitch and Maciej Kilian and Dominik Lorenz and Yam Levi and Zion English and Vikram Voleti and Adam Letts and Varun Jampani and Robin Rombach},
      year={2023},
      journal={arXiv preprint arXiv:2311.15127}
}

@inproceedings{Bain21,
  title={Frozen in time: A joint video and image encoder for end-to-end retrieval},
  author={Bain, Max and Nagrani, Arsha and Varol, G{\"u}l and Zisserman, Andrew},
  booktitle={Proceedings of the IEEE/CVF International Conference on Computer Vision},
  year={2021}
}


@article{mirza2014conditional,
  title={Conditional generative adversarial nets},
  author={Mirza, Mehdi and Osindero, Simon},
  journal={arXiv preprint arXiv:1411.1784},
  year={2014}
}

@article{goodfellow2014generative,
  title={Generative adversarial nets},
  author={Goodfellow, Ian and Pouget-Abadie, Jean and Mirza, Mehdi and Xu, Bing and Warde-Farley, David and Ozair, Sherjil and Courville, Aaron and Bengio, Yoshua},
  journal={Advances in Neural Information Processing Systems},
  year={2014}
}



@inproceedings{wang2021one,
  title={One-shot free-view neural talking-head synthesis for video conferencing},
  author={Wang, Ting-Chun and Mallya, Arun and Liu, Ming-Yu},
  booktitle={Proceedings of the IEEE/CVF Conference on Computer Vision and Pattern Recognition},
  year={2021}
}



@inproceedings{5596999,
  title={Image quality metrics: PSNR vs. SSIM},
  author={Hore, Alain and Ziou, Djemel},
  booktitle={International Conference on Pattern Recognition},
  year={2010},
  organization={IEEE}
}

@inproceedings{ijcai2019p276,
  title     = {Conditional GAN with Discriminative Filter Generation for Text-to-Video Synthesis},
  author    = {Balaji, Yogesh and Min, Martin Renqiang and Bai, Bing and Chellappa, Rama and Graf, Hans Peter},
  booktitle = {Proceedings of theInternational Joint Conference on
               Artificial Intelligence},
  year      = {2019},
}

@article{unterthiner2018towards,
  title={Towards Accurate Generative Models of Video: A New Metric \& Challenges},
  author={Unterthiner, Thomas and van Steenkiste, Sjoerd and Kurach, Karol and Marinier, Raphael and Michalski, Marcin and Gelly, Sylvain},
  journal={arXiv preprint arXiv:1812.01717},
  year={2018}
}



@article{tian2021good,
  title={A good image generator is what you need for high-resolution video synthesis},
  author={Tian, Yu and Ren, Jian and Chai, Menglei and Olszewski, Kyle and Peng, Xi and Metaxas, Dimitris N and Tulyakov, Sergey},
  journal={arXiv preprint arXiv:2104.15069},
  year={2021}
}

@inproceedings{wang2020g3an,
  title={G3AN: Disentangling appearance and motion for video generation},
  author={Wang, Yaohui and Bilinski, Piotr and Bremond, Francois and Dantcheva, Antitza},
  booktitle={Proceedings of the IEEE/CVF Conference on Computer Vision and Pattern Recognition},
  year={2020}
}


@article{zhang2023magicavatar,
  title={Magicavatar: Multimodal avatar generation and animation},
  author={Zhang, Jianfeng and Yan, Hanshu and Xu, Zhongcong and Feng, Jiashi and Liew, Jun Hao},
  journal={arXiv preprint arXiv:2308.14748},
  year={2023}
}

@inproceedings{tseng2022edge,
  title={Edge: Editable dance generation from music},
  author={Tseng, Jonathan and Castellon, Rodrigo and Liu, Karen},
  booktitle={Proceedings of the IEEE/CVF Conference on Computer Vision and Pattern Recognition},
  year={2023}
}

@article{goel2023humans,
  title={Humans in 4D: Reconstructing and Tracking Humans with Transformers},
  author={Goel, Shubham and Pavlakos, Georgios and Rajasegaran, Jathushan and Kanazawa, Angjoo and Malik, Jitendra},
  journal={arXiv preprint arXiv:2305.20091},
  year={2023}
}

@article{hu2023sherf,
  title={SHERF: Generalizable Human NeRF from a Single Image},
  author={Hu, Shoukang and Hong, Fangzhou and Pan, Liang and Mei, Haiyi and Yang, Lei and Liu, Ziwei},
  journal={arXiv preprint arXiv:2303.12791},
  year={2023}
}

@article{li2024synthesizing,
  title={Synthesizing Moving People with 3D Control},
  author={Li, Boyi and Rajasegaran, Jathushan and Gandelsman, Yossi and Efros, Alexei A and Malik, Jitendra},
  journal={arXiv preprint arXiv:2401.10889},
  year={2024}
}

@misc{sarkar2021neural,
      title={Neural Re-Rendering of Humans from a Single Image}, 
      author={Kripasindhu Sarkar and Dushyant Mehta and Weipeng Xu and Vladislav Golyanik and Christian Theobalt},
      year={2021},
      eprint={2101.04104},
      archivePrefix={arXiv},
      primaryClass={cs.CV}
}

@article{pifuSHNMKL19,
  title={PIFu: Pixel-Aligned Implicit Function for 
High-Resolution Clothed Human Digitization},
  author = {Shunsuke Saito and
  and Zeng Huang
  and Ryota Natsume
  and Shigeo Morishima
  and Angjoo Kanazawa
  and Hao Li
  },
  journal={arXiv preprint arXiv:1905.05172},
  year={2019}
}

@inproceedings{albahar2023humansgd,
  author    = {AlBahar, Badour and Saito, Shunsuke and Tseng, Hung-Yu and Kim, Changil and Kopf, Johannes and Huang, Jia-Bin},
  title     = {Single-Image 3D Human Digitization with Shape-Guided Diffusion},
  booktitle = {SIGGRAPH Asia},
  year      = {2023},
}

@misc{yoon2021poseguided,
      title={Pose-Guided Human Animation from a Single Image in the Wild}, 
      author={Jae Shin Yoon and Lingjie Liu and Vladislav Golyanik and Kripasindhu Sarkar and Hyun Soo Park and Christian Theobalt},
      year={2021},
      eprint={2012.03796},
      archivePrefix={arXiv},
      primaryClass={cs.CV}
}

@misc{sarkar2021humangan,
      title={HumanGAN: A Generative Model of Humans Images}, 
      author={Kripasindhu Sarkar and Lingjie Liu and Vladislav Golyanik and Christian Theobalt},
      year={2021},
      eprint={2103.06902},
      archivePrefix={arXiv},
      primaryClass={cs.CV}
}

@article{cao2023dreamavatar,
          title={Dreamavatar: Text-and-shape guided 3d human avatar generation via diffusion models},
          author={Cao, Yukang and Cao, Yan-Pei and Han, Kai and Shan, Ying and Wong, Kwan-Yee K},
          journal={arXiv preprint arXiv:2304.00916},
          year={2023}
}

@inproceedings{prokudin2021smplpix,
  title={SMPLpix: Neural Avatars from 3D Human Models},
  author={Prokudin, Sergey and Black, Michael J and Romero, Javier},
  booktitle={Proceedings of the IEEE/CVF Winter Conference on Applications of Computer Vision},
  pages={1810--1819},
  year={2021}
}

@article{fu2022styleganhuman,
      title={StyleGAN-Human: A Data-Centric Odyssey of Human Generation}, 
      author={Fu, Jianglin and Li, Shikai and Jiang, Yuming and Lin, Kwan-Yee and Qian, Chen and Loy, Chen-Change and Wu, Wayne and Liu, Ziwei},
      journal   = {arXiv preprint},
      volume    = {arXiv:2204.11823},
      year    = {2022}
}

@inproceedings{jiang2023humangen,
    title={Humangen: Generating human radiance fields with explicit priors},
    author={Jiang, Suyi and Jiang, Haoran and Wang, Ziyu and Luo, Haimin 
        and Chen, Wenzheng and Xu, Lan},
    booktitle={Proceedings of the IEEE/CVF Conference on Computer Vision and 
        Pattern Recognition},
    pages={12543--12554},
    year={2023}
  }
