@String(PAMI = {IEEE Trans. Pattern Anal. Mach. Intell.})
@String(IJCV = {Int. J. Comput. Vis.})
@String(CVPR= {IEEE Conf. Comput. Vis. Pattern Recog.})
@String(ICCV= {Int. Conf. Comput. Vis.})
@String(ECCV= {Eur. Conf. Comput. Vis.})
@String(NIPS= {Adv. Neural Inform. Process. Syst.})
@String(ICPR = {Int. Conf. Pattern Recog.})
@String(BMVC= {Brit. Mach. Vis. Conf.})
@String(TOG= {ACM Trans. Graph.})
@String(TIP  = {IEEE Trans. Image Process.})
@String(TVCG  = {IEEE Trans. Vis. Comput. Graph.})
@String(TMM  = {IEEE Trans. Multimedia})
@String(ACMMM= {ACM Int. Conf. Multimedia})
@String(ICME = {Int. Conf. Multimedia and Expo})
@String(ICASSP=	{ICASSP})
@String(ICIP = {IEEE Int. Conf. Image Process.})
@String(ACCV  = {ACCV})
@String(ICLR = {Int. Conf. Learn. Represent.})
@String(IJCAI = {IJCAI})
@String(PR   = {Pattern Recognition})
@String(AAAI = {AAAI})
@String(CVPRW= {IEEE Conf. Comput. Vis. Pattern Recog. Worksh.})
@String(CSVT = {IEEE Trans. Circuit Syst. Video Technol.})

@String(SPL	= {IEEE Sign. Process. Letters})
@String(VR   = {Vis. Res.})
@String(JOV	 = {J. Vis.})
@String(TVC  = {The Vis. Comput.})
@String(JCST  = {J. Comput. Sci. Tech.})
@String(CGF  = {Comput. Graph. Forum})
@String(CVM = {Computational Visual Media})


@String(PAMI  = {IEEE TPAMI})
@String(IJCV  = {IJCV})
@String(CVPR  = {CVPR})
@String(ICCV  = {ICCV})
@String(ECCV  = {ECCV})
@String(NIPS  = {NeurIPS})
@String(ICPR  = {ICPR})
@String(BMVC  =	{BMVC})
@String(TOG   = {ACM TOG})
@String(TIP   = {IEEE TIP})
@String(TVCG  = {IEEE TVCG})
@String(TCSVT = {IEEE TCSVT})
@String(TMM   =	{IEEE TMM})
@String(ACMMM = {ACM MM})
@String(ICME  =	{ICME})
@String(ICASSP=	{ICASSP})
@String(ICIP  = {ICIP})
@String(ACCV  = {ACCV})
@String(ICLR  = {ICLR})
@String(IJCAI = {IJCAI})
@String(PR = {PR})
@String(AAAI = {AAAI})
@String(CVPRW= {CVPRW})
@String(CSVT = {IEEE TCSVT})


@inproceedings{karras2019stylegan,
  title={A style-based generator architecture for generative adversarial networks},
  author={Karras, Tero and Laine, Samuli and Aila, Timo},
  booktitle={Proceedings of the IEEE/CVF conference on computer vision and pattern recognition},
  pages={4401--4410},
  year={2019}
}

@inproceedings{karras2020stylegan2,
  title={Analyzing and improving the image quality of stylegan},
  author={Karras, Tero and Laine, Samuli and Aittala, Miika and Hellsten, Janne and Lehtinen, Jaakko and Aila, Timo},
  booktitle={Proceedings of the IEEE/CVF conference on computer vision and pattern recognition},
  pages={8110--8119},
  year={2020}
}

@inproceedings{Karras2021stylegan3,
  author = {Tero Karras and Miika Aittala and Samuli Laine and Erik H\"ark\"onen and Janne Hellsten and Jaakko Lehtinen and Timo Aila},
  title = {Alias-Free Generative Adversarial Networks},
  booktitle = {Proc. NeurIPS},
  year = {2021}
}

@inproceedings{ghosh2020gif,
  title={GIF: Generative interpretable faces},
  author={Ghosh, Partha and Gupta, Pravir Singh and Uziel, Roy and Ranjan, Anurag and Black, Michael J and Bolkart, Timo},
  booktitle={2020 International Conference on 3D Vision (3DV)},
  pages={868--878},
  year={2020},
  organization={IEEE}
}

@incollection{han2007frequency,
  title={Frequency domain normal map filtering},
  author={Han, Charles and Sun, Bo and Ramamoorthi, Ravi and Grinspun, Eitan},
  booktitle={ACM SIGGRAPH 2007 papers},
  pages={28--es},
  year={2007}
}


@inproceedings{tan2022volux,
  title={Volux-gan: A generative model for 3d face synthesis with hdri relighting},
  author={Tan, Feitong and Fanello, Sean and Meka, Abhimitra and Orts-Escolano, Sergio and Tang, Danhang and Pandey, Rohit and Taylor, Jonathan and Tan, Ping and Zhang, Yinda},
  booktitle={ACM SIGGRAPH 2022 Conference Proceedings},
  pages={1--9},
  year={2022}
}

@article{pan2021shadegan,
  title={A shading-guided generative implicit model for shape-accurate 3d-aware image synthesis},
  author={Pan, Xingang and Xu, Xudong and Loy, Chen Change and Theobalt, Christian and Dai, Bo},
  journal={Advances in Neural Information Processing Systems},
  volume={34},
  pages={20002--20013},
  year={2021}
}

@article{prao2022vorf,
title = {VoRF: Volumetric Relightable Faces},
author = {Rao, Pramod and B R, Mallikarjun and Fox, Gereon and Weyrich, Tim and Bickel, Bernd and Seidel, Hans-Peter and Pfister, Hanspeter and Matusik, Wojciech and Tewari, Ayush and Theobalt, Christian and  Elgharib, Mohamed },
booktitle = {British Machine Vision Conference (BMVC)},
year={2022}
}

@article{zhang2021nerfactor,
  title={Nerfactor: Neural factorization of shape and reflectance under an unknown illumination},
  author={Zhang, Xiuming and Srinivasan, Pratul P and Deng, Boyang and Debevec, Paul and Freeman, William T and Barron, Jonathan T},
  journal={ACM Transactions on Graphics (TOG)},
  volume={40},
  number={6},
  pages={1--18},
  year={2021},
  publisher={ACM New York, NY, USA}
}

@article{boss2021neural,
  title={Neural-pil: Neural pre-integrated lighting for reflectance decomposition},
  author={Boss, Mark and Jampani, Varun and Braun, Raphael and Liu, Ce and Barron, Jonathan and Lensch, Hendrik},
  journal={Advances in Neural Information Processing Systems},
  volume={34},
  pages={10691--10704},
  year={2021}
}

@inproceedings{boss2021nerd,
  title={Nerd: Neural reflectance decomposition from image collections},
  author={Boss, Mark and Braun, Raphael and Jampani, Varun and Barron, Jonathan T and Liu, Ce and Lensch, Hendrik},
  booktitle={Proceedings of the IEEE/CVF International Conference on Computer Vision},
  pages={12684--12694},
  year={2021}
}

@article{ruiz2020morphgan,
  title={MorphGAN: One-Shot Face Synthesis GAN for Detecting Recognition Bias},
  author={Ruiz, Nataniel and Theobald, Barry-John and Ranjan, Anurag and Abdelaziz, Ahmed Hussein and Apostoloff, Nicholas},
  journal={arXiv preprint arXiv:2012.05225},
  year={2020}
}


@inproceedings{Chan2022eg3d,
  author = {Eric R. Chan and Connor Z. Lin and Matthew A. Chan and Koki Nagano and Boxiao Pan and Shalini De Mello and Orazio Gallo and Leonidas Guibas and Jonathan Tremblay and Sameh Khamis and Tero Karras and Gordon Wetzstein},
  title = {Efficient Geometry-aware {3D} Generative Adversarial Networks},
  booktitle = {CVPR},
  year = {2022}
}


 @inproceedings{gu2021stylenerf,
  title={StyleNeRF: A Style-based 3D Aware Generator for High-resolution Image Synthesis},
  author={Gu, Jiatao and Liu, Lingjie and Wang, Peng and Theobalt, Christian},
  booktitle={International Conference on Learning Representations},
  year={2022}
}  

@inproceedings{ramamoorthi2001efficient,
  title={An efficient representation for irradiance environment maps},
  author={Ramamoorthi, Ravi and Hanrahan, Pat},
  booktitle={Proceedings of the 28th annual conference on Computer graphics and interactive techniques},
  pages={497--500},
  year={2001}
}

@inproceedings{mildenhall2020nerf,
  title={Nerf: Representing scenes as neural radiance fields for view synthesis},
  author={Mildenhall, Ben and Srinivasan, Pratul P and Tancik, Matthew and Barron, Jonathan T and Ramamoorthi, Ravi and Ng, Ren},
  booktitle={European conference on computer vision},
  pages={405--421},
  year={2020},
  organization={Springer}
}

@inproceedings{niemeyer2021giraffe,
  title={Giraffe: Representing scenes as compositional generative neural feature fields},
  author={Niemeyer, Michael and Geiger, Andreas},
  booktitle={Proceedings of the IEEE/CVF Conference on Computer Vision and Pattern Recognition},
  pages={11453--11464},
  year={2021}
}

@article{feng2021deca,
  title={Learning an animatable detailed 3D face model from in-the-wild images},
  author={Feng, Yao and Feng, Haiwen and Black, Michael J and Bolkart, Timo},
  journal={ACM Transactions on Graphics (ToG)},
  volume={40},
  number={4},
  pages={1--13},
  year={2021},
  publisher={ACM New York, NY, USA}
}

@inproceedings{binkowski2018demystifying,
  title={Demystifying MMD GANs},
  author={Bi{\'n}kowski, Miko{\l}aj and Sutherland, Danica J and Arbel, Michael and Gretton, Arthur},
  booktitle={International Conference on Learning Representations},
  year={2018}
}

@article{sitzmann2019srn,
  title={Scene representation networks: Continuous 3d-structure-aware neural scene representations},
  author={Sitzmann, Vincent and Zollh{\"o}fer, Michael and Wetzstein, Gordon},
  journal={Advances in Neural Information Processing Systems},
  volume={32},
  year={2019}
}
@article{karras2020training,
  title={Training generative adversarial networks with limited data},
  author={Karras, Tero and Aittala, Miika and Hellsten, Janne and Laine, Samuli and Lehtinen, Jaakko and Aila, Timo},
  journal={Advances in Neural Information Processing Systems},
  volume={33},
  pages={12104--12114},
  year={2020}
}
@inproceedings{deng2019facerecon,
  title={Accurate 3d face reconstruction with weakly-supervised learning: From single image to image set},
  author={Deng, Yu and Yang, Jiaolong and Xu, Sicheng and Chen, Dong and Jia, Yunde and Tong, Xin},
  booktitle={Proceedings of the IEEE/CVF Conference on Computer Vision and Pattern Recognition Workshops},
  pages={0--0},
  year={2019}
}
@article{goodfellow2020generative,
  title={Generative adversarial networks},
  author={Goodfellow, Ian and Pouget-Abadie, Jean and Mirza, Mehdi and Xu, Bing and Warde-Farley, David and Ozair, Sherjil and Courville, Aaron and Bengio, Yoshua},
  journal={Communications of the ACM},
  volume={63},
  number={11},
  pages={139--144},
  year={2020},
  publisher={ACM New York, NY, USA}
}
@inproceedings{nguyen2019hologan,
  title={Hologan: Unsupervised learning of 3d representations from natural images},
  author={Nguyen-Phuoc, Thu and Li, Chuan and Theis, Lucas and Richardt, Christian and Yang, Yong-Liang},
  booktitle={Proceedings of the IEEE/CVF International Conference on Computer Vision},
  pages={7588--7597},
  year={2019}
}
@article{schwarz2022voxgraf,
  title={VoxGRAF: Fast 3D-Aware Image Synthesis with Sparse Voxel Grids},
  author={Schwarz, Katja and Sauer, Axel and Niemeyer, Michael and Liao, Yiyi and Geiger, Andreas},
  journal={arXiv preprint arXiv:2206.07695},
  year={2022}
}
@article{zhao2022gmpi,
  title={Generative Multiplane Images: Making a 2D GAN 3D-Aware},
  author={Zhao, Xiaoming and Ma, Fangchang and G{\"u}era, David and Ren, Zhile and Schwing, Alexander G and Colburn, Alex},
  journal={arXiv preprint arXiv:2207.10642},
  year={2022}
}

@article{boss2022samurai,
  title={SAMURAI: Shape And Material from Unconstrained Real-world Arbitrary Image collections},
  author={Boss, Mark and Engelhardt, Andreas and Kar, Abhishek and Li, Yuanzhen and Sun, Deqing and Barron, Jonathan T and Lensch, Hendrik and Jampani, Varun},
  journal={arXiv preprint arXiv:2205.15768},
  year={2022}
}
@article{phong1975illumination,
  title={Illumination for computer generated pictures},
  author={Phong, Bui Tuong},
  journal={Communications of the ACM},
  volume={18},
  number={6},
  pages={311--317},
  year={1975},
  publisher={ACM New York, NY, USA}
}
@inproceedings{rebain2022lolnerf,
  title={LOLNeRF: Learn from One Look},
  author={Rebain, Daniel and Matthews, Mark and Yi, Kwang Moo and Lagun, Dmitry and Tagliasacchi, Andrea},
  booktitle={Proceedings of the IEEE/CVF Conference on Computer Vision and Pattern Recognition},
  pages={1558--1567},
  year={2022}
}

@inproceedings{chan2021pigan,
  title={pi-gan: Periodic implicit generative adversarial networks for 3d-aware image synthesis},
  author={Chan, Eric R and Monteiro, Marco and Kellnhofer, Petr and Wu, Jiajun and Wetzstein, Gordon},
  booktitle={Proceedings of the IEEE/CVF conference on computer vision and pattern recognition},
  pages={5799--5809},
  year={2021}
}

@inproceedings{karras2018progressive,
  title={Progressive Growing of GANs for Improved Quality, Stability, and Variation},
  author={Karras, Tero and Aila, Timo and Laine, Samuli and Lehtinen, Jaakko},
  booktitle={International Conference on Learning Representations},
  year={2018}
}

@article{heusel2017fid,
  title={Gans trained by a two time-scale update rule converge to a local nash equilibrium},
  author={Heusel, Martin and Ramsauer, Hubert and Unterthiner, Thomas and Nessler, Bernhard and Hochreiter, Sepp},
  journal={Advances in neural information processing systems},
  volume={30},
  year={2017}
}

@inproceedings{deng2019arcface,
  title={Arcface: Additive angular margin loss for deep face recognition},
  author={Deng, Jiankang and Guo, Jia and Xue, Niannan and Zafeiriou, Stefanos},
  booktitle={Proceedings of the IEEE/CVF conference on computer vision and pattern recognition},
  pages={4690--4699},
  year={2019}
}

@inproceedings{shi2021lifting,
  title={Lifting 2d stylegan for 3d-aware face generation},
  author={Shi, Yichun and Aggarwal, Divyansh and Jain, Anil K},
  booktitle={Proceedings of the IEEE/CVF Conference on Computer Vision and Pattern Recognition},
  pages={6258--6266},
  year={2021}
}
@article{zhao2018softplus,
  title={A novel softplus linear unit for deep convolutional neural networks},
  author={Zhao, Huizhen and Liu, Fuxian and Li, Longyue and Luo, Chang},
  journal={Applied Intelligence},
  volume={48},
  number={7},
  pages={1707--1720},
  year={2018},
  publisher={Springer}
}
@inproceedings{krishnaswamy2004sss,
  title={A biophysically-based spectral model of light interaction with human skin},
  author={Krishnaswamy, Aravind and Baranoski, Gladimir VG},
  booktitle={Computer graphics forum},
  volume={23},
  number={3},
  pages={331--340},
  year={2004},
  organization={Wiley Online Library}
}
@inproceedings{weng2022humannerf,
  title={Humannerf: Free-viewpoint rendering of moving people from monocular video},
  author={Weng, Chung-Yi and Curless, Brian and Srinivasan, Pratul P and Barron, Jonathan T and Kemelmacher-Shlizerman, Ira},
  booktitle={Proceedings of the IEEE/CVF conference on computer vision and pattern Recognition},
  pages={16210--16220},
  year={2022}
}

@incollection{alexander2013digitalira,
  title={Digital ira: Creating a real-time photoreal digital actor},
  author={Alexander, Oleg and Fyffe, Graham and Busch, Jay and Yu, Xueming and Ichikari, Ryosuke and Jones, Andrew and Debevec, Paul and Jimenez, Jorge and Danvoye, Etienne and Antionazzi, Bernardo and others},
  booktitle={ACM SIGGRAPH 2013 Posters},
  pages={1--1},
  year={2013}
}

@incollection{anguelov2005scape,
  title={Scape: shape completion and animation of people},
  author={Anguelov, Dragomir and Srinivasan, Praveen and Koller, Daphne and Thrun, Sebastian and Rodgers, Jim and Davis, James},
  booktitle={ACM SIGGRAPH 2005 Papers},
  pages={408--416},
  year={2005}
}

@inproceedings{pavlakos2019smplx,
  title={Expressive body capture: 3d hands, face, and body from a single image},
  author={Pavlakos, Georgios and Choutas, Vasileios and Ghorbani, Nima and Bolkart, Timo and Osman, Ahmed AA and Tzionas, Dimitrios and Black, Michael J},
  booktitle={Proceedings of the IEEE/CVF conference on computer vision and pattern recognition},
  pages={10975--10985},
  year={2019}
}

@article{alexander2010emily,
  title={The digital emily project: Achieving a photorealistic digital actor},
  author={Alexander, Oleg and Rogers, Mike and Lambeth, William and Chiang, Jen-Yuan and Ma, Wan-Chun and Wang, Chuan-Chang and Debevec, Paul},
  journal={IEEE Computer Graphics and Applications},
  volume={30},
  number={4},
  pages={20--31},
  year={2010},
  publisher={IEEE}
}
@article{Cao22,
author = {Cao, Chen and Simon, Tomas and Kim, Jin Kyu and Schwartz, Gabe and Zollhoefer, Michael and Saito, Shun-Suke and Lombardi, Stephen and Wei, Shih-En and Belko, Danielle and Yu, Shoou-I and Sheikh, Yaser and Saragih, Jason},
title = {{Authentic Volumetric Avatars from a Phone Scan}},
year = {2022},
issue_date = {July 2022},
publisher = {Association for Computing Machinery},
address = {New York, NY, USA},
volume = {41},
number = {4},
issn = {0730-0301},
url = {https://doi.org/10.1145/3528223.3530143},
doi = {10.1145/3528223.3530143},
journal = TOG,
month = {jul},
articleno = {163},
numpages = {19},
keywords = {neural rendering, 3D avatar creation}
}

@article{Garbin22,
  title={VolTeMorph: Realtime, Controllable and Generalisable Animation of Volumetric Representations},
  author={Garbin, Stephan J and Kowalski, Marek and Estellers, Virginia and Szymanowicz, Stanislaw and Rezaeifar, Shideh and Shen, Jingjing and Johnson, Matthew and Valentin, Julien},
  journal={arXiv preprint arXiv:2208.00949},
  year={2022}
}

@inproceedings{verbin2022refnerf,
    title={{Ref-NeRF: Structured View-Dependent Appearance for Neural Radiance Fields}},
    author={Dor Verbin and Peter Hedman and Ben Mildenhall and Todd Zickler and Jonathan T. Barron and Pratul P. Srinivasan},
    booktitle=CVPR,
    year={2022}
}

@inproceedings{lin2021barf,
  title={BARF: Bundle-Adjusting Neural Radiance Fields},
  author={Lin, Chen-Hsuan and Ma, Wei-Chiu and Torralba, Antonio and Lucey, Simon},
  booktitle=ICCV,
  year={2021}
}

@InProceedings{Lassner_2021_CVPR,
    author    = {Lassner, Christoph and Zollhofer, Michael},
    title     = {Pulsar: Efficient Sphere-Based Neural Rendering},
    booktitle = {Proceedings of the IEEE/CVF Conference on Computer Vision and Pattern Recognition (CVPR)},
    month     = {June},
    year      = {2021},
    pages     = {1440-1449}
}

@inproceedings{jiang2022neuman,
  title={NeuMan: Neural Human Radiance Field from a Single Video},
  author={Jiang, Wei and Yi, Kwang Moo and Samei, Golnoosh and Tuzel, Oncel and Ranjan, Anurag},
  booktitle={Proceedings of the European conference on computer vision (ECCV)},
  year={2022}
}

@inproceedings{jiang2022instantavatar,
  author    = {Jiang, Tianjian and Chen, Xu and Song, Jie and Hilliges, Otmar},
  title     = {InstantAvatar: Learning Avatars from Monocular Video in 60 Seconds},
  journal   = {Proceedings of the IEEE/CVF Conference on Computer Vision and Pattern Recognition (CVPR)},
  year      = {2023},
}

@inproceedings{kerbl3Dgaussians,
      author       = {Kerbl, Bernhard and Kopanas, Georgios and Leimk{\"u}hler, Thomas and Drettakis, George},
      title        = {3D Gaussian Splatting for Real-Time Radiance Field Rendering},
      journal      = {ACM Transactions on Graphics},
      number       = {4},
      volume       = {42},
      month        = {July},
      year         = {2023},
      url          = {https://repo-sam.inria.fr/fungraph/3d-gaussian-splatting/}
}

@inproceedings{guo2023vid2avatar,
      title={Vid2Avatar: 3D Avatar Reconstruction from Videos in the Wild via Self-supervised Scene Decomposition},
      author={Guo, Chen and Jiang, Tianjian and Chen, Xu and Song, Jie and Hilliges, Otmar},    
      booktitle = {Computer Vision and Pattern Recognition (CVPR)},
      year      = {2023}
    }


@article{SMPL:2015,
      author = {Loper, Matthew and Mahmood, Naureen and Romero, Javier and Pons-Moll, Gerard and Black, Michael J.},
      title = {{SMPL}: A Skinned Multi-Person Linear Model},
      journal = {ACM Trans. Graphics (Proc. SIGGRAPH Asia)},
      month = oct,
      number = {6},
      pages = {248:1--248:16},
      publisher = {ACM},
      volume = {34},
      year = {2015}
    }


@inproceedings{colmapschoenberger2016sfm,
    author={Sch\"{o}nberger, Johannes Lutz and Frahm, Jan-Michael},
    title={Structure-from-Motion Revisited},
    booktitle={Conference on Computer Vision and Pattern Recognition (CVPR)},
    year={2016},
}

@inproceedings{colmapschoenberger2016mvs,
    author={Sch\"{o}nberger, Johannes Lutz and Zheng, Enliang and Pollefeys, Marc and Frahm, Jan-Michael},
    title={Pixelwise View Selection for Unstructured Multi-View Stereo},
    booktitle={European Conference on Computer Vision (ECCV)},
    year={2016},
}

@inproceedings{
  xu2022vitpose,
  title={Vi{TP}ose: Simple Vision Transformer Baselines for Human Pose Estimation},
  author={Yufei Xu and Jing Zhang and Qiming Zhang and Dacheng Tao},
  booktitle={Advances in Neural Information Processing Systems},
  year={2022},
}

@inproceedings{peng2021neuralbody,
  title={Neural Body: Implicit Neural Representations with Structured Latent Codes for Novel View Synthesis of Dynamic Humans},
  author={Peng, Sida and Zhang, Yuanqing and Xu, Yinghao and Wang, Qianqian and Shuai, Qing and Bao, Hujun and Zhou, Xiaowei},
  booktitle={CVPR},
  year={2021}
}
@inproceedings{fridovich2022plenoxels,
  title={Plenoxels: Radiance fields without neural networks},
  author={Fridovich-Keil, Sara and Yu, Alex and Tancik, Matthew and Chen, Qinhong and Recht, Benjamin and Kanazawa, Angjoo},
  booktitle={Proceedings of the IEEE/CVF Conference on Computer Vision and Pattern Recognition},
  pages={5501--5510},
  year={2022}
}
@article{debevec2012light,
  title={The light stages and their applications to photoreal digital actors},
  author={Debevec, Paul},
  journal={SIGGRAPH Asia},
  volume={2},
  number={4},
  pages={1--6},
  year={2012}
}
@techreport{magnenat1988joint,
  title={Joint-dependent local deformations for hand animation and object grasping},
  author={Magnenat, Thalmann and Laperri{\`e}re, Richard and Thalmann, Daniel},
  year={1988},
  institution={Canadian Inf. Process. Soc}
}

@article{wu20234dgs,
  title={4d gaussian splatting for real-time dynamic scene rendering},
  author={Wu, Guanjun and Yi, Taoran and Fang, Jiemin and Xie, Lingxi and Zhang, Xiaopeng and Wei, Wei and Liu, Wenyu and Tian, Qi and Wang, Xinggang},
  journal={arXiv preprint arXiv:2310.08528},
  year={2023}
} 

@article{luiten2023dynamicgs,
  title={Dynamic 3d gaussians: Tracking by persistent dynamic view synthesis},
  author={Luiten, Jonathon and Kopanas, Georgios and Leibe, Bastian and Ramanan, Deva},
  journal={arXiv preprint arXiv:2308.09713},
  year={2023}
}

@inproceedings{chen2022tensorf,
  title={Tensorf: Tensorial radiance fields},
  author={Chen, Anpei and Xu, Zexiang and Geiger, Andreas and Yu, Jingyi and Su, Hao},
  booktitle={European Conference on Computer Vision},
  pages={333--350},
  year={2022},
  organization={Springer}
}

@article{muller2022instantngp,
  title={Instant neural graphics primitives with a multiresolution hash encoding},
  author={M{\"u}ller, Thomas and Evans, Alex and Schied, Christoph and Keller, Alexander},
  journal={ACM Transactions on Graphics (ToG)},
  volume={41},
  number={4},
  pages={1--15},
  year={2022},
  publisher={ACM New York, NY, USA}
}
@inproceedings{reiser2021kilonerf,
  title={Kilonerf: Speeding up neural radiance fields with thousands of tiny mlps},
  author={Reiser, Christian and Peng, Songyou and Liao, Yiyi and Geiger, Andreas},
  booktitle={Proceedings of the IEEE/CVF International Conference on Computer Vision},
  pages={14335--14345},
  year={2021}
}

@article{liu2021neuralactor,
  title={Neural actor: Neural free-view synthesis of human actors with pose control},
  author={Liu, Lingjie and Habermann, Marc and Rudnev, Viktor and Sarkar, Kripasindhu and Gu, Jiatao and Theobalt, Christian},
  journal={ACM transactions on graphics (TOG)},
  volume={40},
  number={6},
  pages={1--16},
  year={2021},
  publisher={ACM New York, NY, USA}
}

@inproceedings{saito2019pifu,
  title={Pifu: Pixel-aligned implicit function for high-resolution clothed human digitization},
  author={Saito, Shunsuke and Huang, Zeng and Natsume, Ryota and Morishima, Shigeo and Kanazawa, Angjoo and Li, Hao},
  booktitle={Proceedings of the IEEE/CVF international conference on computer vision},
  pages={2304--2314},
  year={2019}
}
@inproceedings{saito2020pifuhd,
  title={Pifuhd: Multi-level pixel-aligned implicit function for high-resolution 3d human digitization},
  author={Saito, Shunsuke and Simon, Tomas and Saragih, Jason and Joo, Hanbyul},
  booktitle={Proceedings of the IEEE/CVF Conference on Computer Vision and Pattern Recognition},
  pages={84--93},
  year={2020}
}

@inproceedings{ma2020cape,
  title={Learning to dress 3d people in generative clothing},
  author={Ma, Qianli and Yang, Jinlong and Ranjan, Anurag and Pujades, Sergi and Pons-Moll, Gerard and Tang, Siyu and Black, Michael J},
  booktitle={Proceedings of the IEEE/CVF Conference on Computer Vision and Pattern Recognition},
  pages={6469--6478},
  year={2020}
}

@inproceedings{goel2023humans4d,
    title={Humans in 4{D}: Reconstructing and Tracking Humans with Transformers},
    author={Goel, Shubham and Pavlakos, Georgios and Rajasegaran, Jathushan and Kanazawa, Angjoo and Malik, Jitendra},
    booktitle={ICCV},
    year={2023}
}

@article{ssim,
  title={{Image Quality Assessment: From Error Visibility to Structural Similarity}},
  author={Zhou Wang and Alan C. Bovik and Hamid R. Sheikh and Eero P. Simoncelli},
  journal=TIP,
  year={2004},
}

@article{kirillov2023segmentanything,
  title={Segment anything},
  author={Kirillov, Alexander and Mintun, Eric and Ravi, Nikhila and Mao, Hanzi and Rolland, Chloe and Gustafson, Laura and Xiao, Tete and Whitehead, Spencer and Berg, Alexander C and Lo, Wan-Yen and others},
  journal={arXiv preprint arXiv:2304.02643},
  year={2023}
}
@article{park2021nerfies,
  author    = {Park, Keunhong and Sinha, Utkarsh and Barron, Jonathan T. and Bouaziz, Sofien and Goldman, Dan B and Seitz, Steven M. and Martin-Brualla, Ricardo},
  title     = {{Nerfies: Deformable Neural Radiance Fields}},
  journal   = {ICCV},
  year      = {2021},
}

@inproceedings{li2021neural,
  title={Neural scene flow fields for space-time view synthesis of dynamic scenes},
  author={Li, Zhengqi and Niklaus, Simon and Snavely, Noah and Wang, Oliver},
  booktitle={Proceedings of the IEEE/CVF Conference on Computer Vision and Pattern Recognition},
  pages={6498--6508},
  year={2021}
}
@inproceedings{simonyan2015vgg,
  title={Very deep convolutional networks for large-scale image recognition},
  author={Simonyan, K and Zisserman, A},
  booktitle={3rd International Conference on Learning Representations (ICLR 2015)},
  year={2015},
  organization={Computational and Biological Learning Society}
}
@inproceedings{zhang2018lpips,
  title={The unreasonable effectiveness of deep features as a perceptual metric},
  author={Zhang, Richard and Isola, Phillip and Efros, Alexei A and Shechtman, Eli and Wang, Oliver},
  booktitle={Proceedings of the IEEE conference on computer vision and pattern recognition},
  pages={586--595},
  year={2018}
}
@article{park2021hypernerf,
  title={HyperNeRF: a higher-dimensional representation for topologically varying neural radiance fields},
  author={Park, Keunhong and Sinha, Utkarsh and Hedman, Peter and Barron, Jonathan T and Bouaziz, Sofien and Goldman, Dan B and Martin-Brualla, Ricardo and Seitz, Steven M},
  journal={ACM Transactions on Graphics (TOG)},
  volume={40},
  number={6},
  pages={1--12},
  year={2021},
  publisher={ACM New York, NY, USA}
}

@article{bergman2022gnarf,
  title={Generative neural articulated radiance fields},
  author={Bergman, Alexander and Kellnhofer, Petr and Yifan, Wang and Chan, Eric and Lindell, David and Wetzstein, Gordon},
  journal={Advances in Neural Information Processing Systems},
  volume={35},
  pages={19900--19916},
  year={2022}
}
@inproceedings{yu2023monohuman,
  title={{MonoHuman}: Animatable Human Neural Field from Monocular Video},
  author={Yu, Zhengming and Cheng, Wei and Liu, xian and Wu, Wayne and Lin, Kwan-Yee},
  booktitle={CVPR},
  year={2023}
}

@conference {zwicker2001surface,
    title={Surface Splatting},
    author={M. Zwicker and H. Pfister and J. van Baar and M. Gross},
    booktitle={ACM Transactions on Graphics (Proc. ACM SIGGRAPH)},
    year={2001},
    month={07/2001},
    pages={371--378}
}

@inproceedings{Kipf:2016tc,
  author = {Kipf, Thomas N. and Welling, Max},
  booktitle = {Proceedings of the 5th International Conference on Learning Representations},
  series = {ICLR '17},
  timestamp = {2020-07-15T00:50:01.000+0200},
  title = {{Semi-Supervised Classification with Graph Convolutional Networks}},
  url = {https://openreview.net/forum?id=SJU4ayYgl},
  venue = {ICLR},
  year = 2017
}


inproceedings{mildenhall2020nerf,
  title={{Nerf: Representing scenes as neural radiance fields for view synthesis}},
  author={Mildenhall, Ben and Srinivasan, Pratul P and Tancik, Matthew and Barron, Jonathan T and Ramamoorthi, Ravi and Ng, Ren},
  booktitle={European conference on computer vision},
  pages={405--421},
  year={2020},
  organization={Springer}
}

@article{loper2015smpl,
  title={SMPL: A skinned multi-person linear model},
  author={Loper, Matthew and Mahmood, Naureen and Romero, Javier and Pons-Moll, Gerard and Black, Michael J},
  journal={ACM transactions on graphics (TOG)},
  volume={34},
  number={6},
  pages={1--16},
  year={2015},
  publisher={ACM New York, NY, USA}
}


@inproceedings{smplx,
  title = {Expressive Body Capture: {3D} Hands, Face, and Body from a Single Image},
  author = {Pavlakos, Georgios and Choutas, Vasileios and Ghorbani, Nima and Bolkart, Timo and Osman, Ahmed A. A. and Tzionas, Dimitrios and Black, Michael J.},
  booktitle = {Proceedings IEEE Conf. on Computer Vision and Pattern Recognition (CVPR)},
  pages     = {10975--10985},
  year = {2019}
}

inproceedings{peng2021neuralbody,
  title={Neural Body: Implicit Neural Representations with Structured Latent Codes for Novel View Synthesis of Dynamic Humans},
  author={Peng, Sida and Zhang, Yuanqing and Xu, Yinghao and Wang, Qianqian and Shuai, Qing and Bao, Hujun and Zhou, Xiaowei},
  booktitle={Proceedings of the IEEE/CVF Conference on Computer Vision and Pattern Recognition},
  pages={9054--9063},
  year={2021}
}

article{liu2021neuralactor,
  title={Neural Actor: Neural Free-view Synthesis of Human Actors with Pose Control},
  author={Liu, Lingjie and Habermann, Marc and Rudnev, Viktor and Sarkar, Kripasindhu and Gu, Jiatao and Theobalt, Christian},
  journal={arXiv preprint arXiv:2106.02019},
  year={2021}
}

@inproceedings{li2021neuralsceneflow,
  title={Neural scene flow fields for space-time view synthesis of dynamic scenes},
  author={Li, Zhengqi and Niklaus, Simon and Snavely, Noah and Wang, Oliver},
  booktitle={Proceedings of the IEEE/CVF Conference on Computer Vision and Pattern Recognition},
  pages={6498--6508},
  year={2021}
}

@inproceedings{martinbrualla2020nerfinthewild,
    author = {Martin-Brualla, Ricardo and Radwan, Noha and Sajjadi, Mehdi S. M. and Barron, Jonathan T. and Dosovitskiy, Alexey and Duckworth, Daniel},
    title = {{NeRF in the Wild: Neural Radiance Fields for Unconstrained Photo Collections}},
    booktitle = {CVPR},
    year={2021}
}
    
@inproceedings{zhang2020generating,
  title={Generating 3d people in scenes without people},
  author={Zhang, Yan and Hassan, Mohamed and Neumann, Heiko and Black, Michael J and Tang, Siyu},
  booktitle={Proceedings of the IEEE/CVF Conference on Computer Vision and Pattern Recognition},
  pages={6194--6204},
  year={2020}
}
@inproceedings{peng2021animatablenerf,
  title={{Animatable Neural Radiance Fields for Modeling Dynamic Human Bodies}},
  author={Peng, Sida and Dong, Junting and Wang, Qianqian and Zhang, Shangzhan and Shuai, Qing and Zhou, Xiaowei and Bao, Hujun},
  booktitle={ICCV},
  year={2021}
}

@inproceedings{schoenberger2016sfm,
    title={{Structure-from-Motion Revisited}},
    author={Sch\"{o}nberger, Johannes Lutz and Frahm, Jan-Michael},
    booktitle=CVPR,
    year={2016},
}

@misc{wu2019detectron2,
  author =       {Yuxin Wu and Alexander Kirillov and Francisco Massa and Wan-Yen Lo and Ross Girshick},
  title =        {{Detectron2}},
  howpublished = {\url{https://github.com/facebookresearch/detectron2}},
  year =         {2019}
}

@InProceedings{ROMP,
    author = {Sun, Yu and Bao, Qian and Liu, Wu and Fu, Yili and Michael J., Black and Mei, Tao},
    title = {{Monocular, One-stage, Regression of Multiple 3D People}},
    booktitle = {ICCV},
    month = {October},
    year = {2021}
}

@article{wang2021nerfmm,
  title={{NeRF$--$: Neural Radiance Fields Without Known Camera Parameters}},
  author={Zirui Wang and Shangzhe Wu and Weidi Xie and Min Chen and Victor Adrian Prisacariu},
  journal={arXiv preprint arXiv:2102.07064},
  year={2021}
}

@inproceedings{lin2021barf,
  title     = {{BARF: Bundle-Adjusting Neural Radiance Fields}},
  author    = {Lin, Chen-Hsuan and Ma, Wei-Chiu and Torralba, Antonio and Lucey, Simon},
  booktitle = {ICCV},
  year      = {2021}
}



@misc{dellaert2021neural,
      title={{Neural Volume Rendering: NeRF And Beyond}}, 
      author={Frank Dellaert and Lin Yen-Chen},
      year={2021},
      eprint={2101.05204},
      archivePrefix={arXiv},
      primaryClass={cs.CV}
}

article{park2021hypernerf,
  author    = {Park, Keunhong and Sinha, Utkarsh and Hedman, Peter and Barron, Jonathan T. and Bouaziz, Sofien and Goldman, Dan B and Martin-Brualla, Ricardo and Seitz, Steven M.},
  title     = {{HyperNeRF: A Higher-Dimensional Representation for Topologically Varying Neural Radiance Fields}},
  journal   = {arXiv preprint arXiv:2106.13228},
  year      = {2021},
}

@inproceedings{yang2021objectnerf,
    title={{Learning Object-Compositional Neural Radiance Field for Editable Scene Rendering}},
    author={Yang, Bangbang and Zhang, Yinda and Xu, Yinghao and Li, Yijin and Zhou, Han and Bao, Hujun and Zhang, Guofeng and Cui, Zhaopeng},
    booktitle = {ICCV},
    month = {October},
    year = {2021},
}

@article{Guo20arxiv_OSF,
	Archiveprefix = {arXiv},
	Author = {Michelle Guo and Alireza Fathi and Jiajun Wu and Thomas Funkhouser},
	Journal = {https://arxiv.org/abs/2012.08503},
	Title = {{Object-Centric Neural Scene Rendering}},
	Year = {2020}
}

 @inproceedings{zhang2021stnerf,
                title={Editable Free-Viewpoint Video using a Layered Neural Representation},
                author={Jiakai, Zhang
                        and Xinhang, Liu
                        and Xinyi, Ye
                        and Fuqiang, Zhao
                        and Yanshun, Zhang
                        and Minye, Wu
                        and Yingliang, Zhang
                        and Lan, Xu
                        and Jingyi, Yu
                        },
                year={2021},
                booktitle={ACM SIGGRAPH},
}

@article{Su21arxiv_A_NeRF,
	Archiveprefix = {arXiv},
	Author = {Shih-Yang Su and Frank Yu and Michael Zollhoefer and Helge Rhodin},
	Journal = {https://arxiv.org/abs/2102.06199},
	Title = {{A-NeRF: Surface-free Human 3D Pose Refinement via Neural Rendering}},
	Year = {2021}
}

@article{h36m_pami,
author = {Ionescu, Catalin and Papava, Dragos and Olaru, Vlad and Sminchisescu,  Cristian},
title = {{Human3.6M: Large Scale Datasets and Predictive Methods for 3D Human Sensing in Natural Environments}},
journal = {IEEE Transactions on Pattern Analysis and Machine Intelligence},
publisher = {IEEE Computer Society},
volume = {36},
number = {7},
pages = {1325-1339},
month = {jul},
year = {2014}
}
@article{dong2023ag3d,
  title={AG3D: Learning to Generate 3D Avatars from 2D Image Collections},
  author={Dong, Zijian and Chen, Xu and Yang, Jinlong and Black, Michael J and Hilliges, Otmar and Geiger, Andreas},
  journal={arXiv preprint arXiv:2305.02312},
  year={2023}
}

@article{poole2022dreamfusion,
  title={Dreamfusion: Text-to-3d using 2d diffusion},
  author={Poole, Ben and Jain, Ajay and Barron, Jonathan T and Mildenhall, Ben},
  journal={arXiv preprint arXiv:2209.14988},
  year={2022}
}
@inproceedings{lin2023magic3d,
  title={Magic3d: High-resolution text-to-3d content creation},
  author={Lin, Chen-Hsuan and Gao, Jun and Tang, Luming and Takikawa, Towaki and Zeng, Xiaohui and Huang, Xun and Kreis, Karsten and Fidler, Sanja and Liu, Ming-Yu and Lin, Tsung-Yi},
  booktitle={Proceedings of the IEEE/CVF Conference on Computer Vision and Pattern Recognition},
  pages={300--309},
  year={2023}
}

@inproceedings{ranjan2023facelit,
  title={FaceLit: Neural 3D Relightable Faces},
  author={Ranjan, Anurag and Yi, Kwang Moo and Chang, Jen-Hao Rick and Tuzel, Oncel},
  booktitle={Proceedings of the IEEE/CVF Conference on Computer Vision and Pattern Recognition},
  pages={8619--8628},
  year={2023}
}
@article{park2021nerfies,
  author    = {Park, Keunhong and Sinha, Utkarsh and Barron, Jonathan T. and Bouaziz, Sofien and Goldman, Dan B and Seitz, Steven M. and Martin-Brualla, Ricardo},
  title     = {{Nerfies: Deformable Neural Radiance Fields}},
  journal   = {ICCV},
  year      = {2021},
}
@inproceedings{chen2021snarf,
  title={Snarf: Differentiable forward skinning for animating non-rigid neural implicit shapes},
  author={Chen, Xu and Zheng, Yufeng and Black, Michael J and Hilliges, Otmar and Geiger, Andreas},
  booktitle={Proceedings of the IEEE/CVF International Conference on Computer Vision},
  pages={11594--11604},
  year={2021}
}
@inproceedings{balakrishnan2018synthesizing,
  title={Synthesizing images of humans in unseen poses},
  author={Balakrishnan, Guha and Zhao, Amy and Dalca, Adrian V and Durand, Fredo and Guttag, John},
  booktitle={Proceedings of the IEEE Conference on Computer Vision and Pattern Recognition},
  pages={8340--8348},
  year={2018}
}

@inproceedings{grigorev2019coordinate,
  title={Coordinate-based texture inpainting for pose-guided human image generation},
  author={Grigorev, Artur and Sevastopolsky, Artem and Vakhitov, Alexander and Lempitsky, Victor},
  booktitle={Proceedings of the IEEE/CVF Conference on Computer Vision and Pattern Recognition},
  pages={12135--12144},
  year={2019}
}

@inproceedings{liu2019liquid,
  title={Liquid warping gan: A unified framework for human motion imitation, appearance transfer and novel view synthesis},
  author={Liu, Wen and Piao, Zhixin and Min, Jie and Luo, Wenhan and Ma, Lin and Gao, Shenghua},
  booktitle={Proceedings of the IEEE/CVF International Conference on Computer Vision},
  pages={5904--5913},
  year={2019}
}

@inproceedings{ma2018disentangled,
  title={Disentangled person image generation},
  author={Ma, Liqian and Sun, Qianru and Georgoulis, Stamatios and Van Gool, Luc and Schiele, Bernt and Fritz, Mario},
  booktitle={Proceedings of the IEEE Conference on Computer Vision and Pattern Recognition},
  pages={99--108},
  year={2018}
}

@inproceedings{men2020controllable,
  title={Controllable person image synthesis with attribute-decomposed gan},
  author={Men, Yifang and Mao, Yiming and Jiang, Yuning and Ma, Wei-Ying and Lian, Zhouhui},
  booktitle={Proceedings of the IEEE/CVF Conference on Computer Vision and Pattern Recognition},
  pages={5084--5093},
  year={2020}
}
@inproceedings{neverova2018denseposetransfer,
  title={Dense pose transfer},
  author={Neverova, Natalia and Guler, Riza Alp and Kokkinos, Iasonas},
  booktitle={Proceedings of the European conference on computer vision (ECCV)},
  pages={123--138},
  year={2018}
}
@inproceedings{sarkar2020neural,
  title={Neural re-rendering of humans from a single image},
  author={Sarkar, Kripasindhu and Mehta, Dushyant and Xu, Weipeng and Golyanik, Vladislav and Theobalt, Christian},
  booktitle={European Conference on Computer Vision},
  pages={596--613},
  year={2020},
  organization={Springer}
}
@inproceedings{sanyal2021learning,
  title={Learning Realistic Human Reposing using Cyclic Self-Supervision with 3D Shape, Pose, and Appearance Consistency},
  author={Sanyal, Soubhik and Vorobiov, Alex and Bolkart, Timo and Loper, Matthew and Mohler, Betty and Davis, Larry S and Romero, Javier and Black, Michael J},
  booktitle={Proceedings of the IEEE/CVF International Conference on Computer Vision},
  pages={11138--11147},
  year={2021}
}
@article{tancik2020fourier,
  title={Fourier features let networks learn high frequency functions in low dimensional domains},
  author={Tancik, Matthew and Srinivasan, Pratul P and Mildenhall, Ben and Fridovich-Keil, Sara and Raghavan, Nithin and Singhal, Utkarsh and Ramamoorthi, Ravi and Barron, Jonathan T and Ng, Ren},
  journal={arXiv preprint arXiv:2006.10739},
  year={2020}
}
@inproceedings{chan2021pi,
  title={pi-gan: Periodic implicit generative adversarial networks for 3d-aware image synthesis},
  author={Chan, Eric R and Monteiro, Marco and Kellnhofer, Petr and Wu, Jiajun and Wetzstein, Gordon},
  booktitle={Proceedings of the IEEE/CVF Conference on Computer Vision and Pattern Recognition},
  pages={5799--5809},
  year={2021}
}
inproceedings{ma2020cape,
  title={Learning to dress 3d people in generative clothing},
  author={Ma, Qianli and Yang, Jinlong and Ranjan, Anurag and Pujades, Sergi and Pons-Moll, Gerard and Tang, Siyu and Black, Michael J},
  booktitle={Proceedings of the IEEE/CVF Conference on Computer Vision and Pattern Recognition},
  pages={6469--6478},
  year={2020}
}

@article{pons2017clothcap,
  title={ClothCap: Seamless 4D clothing capture and retargeting},
  author={Pons-Moll, Gerard and Pujades, Sergi and Hu, Sonny and Black, Michael J},
  journal={ACM Transactions on Graphics (TOG)},
  volume={36},
  number={4},
  pages={1--15},
  year={2017},
  publisher={ACM New York, NY, USA}
}

@article{lombardi2018deep,
  title={Deep appearance models for face rendering},
  author={Lombardi, Stephen and Saragih, Jason and Simon, Tomas and Sheikh, Yaser},
  journal={ACM Transactions on Graphics (TOG)},
  volume={37},
  number={4},
  pages={1--13},
  year={2018},
  publisher={ACM New York, NY, USA}
}

@inproceedings{sun2012layered,
  title={Layered segmentation and optical flow estimation over time},
  author={Sun, Deqing and Sudderth, Erik B and Black, Michael J},
  booktitle={2012 IEEE Conference on Computer Vision and Pattern Recognition},
  pages={1768--1775},
  year={2012},
  organization={IEEE}
}

@inproceedings{guler2018densepose,
  title={Densepose: Dense human pose estimation in the wild},
  author={G{\"u}ler, R{\i}za Alp and Neverova, Natalia and Kokkinos, Iasonas},
  booktitle={Proceedings of the IEEE conference on computer vision and pattern recognition},
  pages={7297--7306},
  year={2018}
}


@inproceedings{schoenberger2016mvs,
    author={Sch\"{o}nberger, Johannes Lutz and Zheng, Enliang and Pollefeys, Marc and Frahm, Jan-Michael},
    title={Pixelwise View Selection for Unstructured Multi-View Stereo},
    booktitle={European Conference on Computer Vision (ECCV)},
    year={2016},
}

@inproceedings{liu2019soft,
  title={Soft rasterizer: A differentiable renderer for image-based 3d reasoning},
  author={Liu, Shichen and Li, Tianye and Chen, Weikai and Li, Hao},
  booktitle={Proceedings of the IEEE/CVF International Conference on Computer Vision},
  pages={7708--7717},
  year={2019}
}

@inproceedings{lin2021metro,
  title={End-to-end human pose and mesh reconstruction with transformers},
  author={Lin, Kevin and Wang, Lijuan and Liu, Zicheng},
  booktitle={Proceedings of the IEEE/CVF Conference on Computer Vision and Pattern Recognition},
  pages={1954--1963},
  year={2021}
}

@article{milan2016mot16,
  title={MOT16: A benchmark for multi-object tracking},
  author={Milan, Anton and Leal-Taix{\'e}, Laura and Reid, Ian and Roth, Stefan and Schindler, Konrad},
  journal={arXiv preprint arXiv:1603.00831},
  year={2016}
}

@article{ranjan2020learning,
  title={Learning multi-human optical flow},
  author={Ranjan, Anurag and Hoffmann, David T and Tzionas, Dimitrios and Tang, Siyu and Romero, Javier and Black, Michael J},
  journal={International Journal of Computer Vision},
  volume={128},
  number={4},
  pages={873--890},
  year={2020},
  publisher={Springer}
}

@inproceedings{zhang2018perceptual,
  title={{The Unreasonable Effectiveness of Deep Features as a Perceptual Metric}},
  author={Zhang, Richard and Isola, Phillip and Efros, Alexei A and Shechtman, Eli and Wang, Oliver},
  booktitle={CVPR},
  year={2018}
}

article{ssim,
  title={{Image Quality Assessment: From Error Visibility to Structural Similarity}},
  author={Zhou Wang and Alan C. Bovik and Hamid R. Sheikh and Eero P. Simoncelli},
  journal=TIP,
  year={2004},
}

@INPROCEEDINGS{Miangoleh2021Boosting,
author={S. Mahdi H. Miangoleh and Sebastian Dille and Long Mai and Sylvain Paris and Ya\u{g}{\i}z Aksoy},
title={{Boosting Monocular Depth Estimation Models to High-Resolution via Content-Adaptive Multi-Resolution Merging}},
booktitle={CVPR},
year={2021},
}

@inproceedings{xian2021space,
  author    = {Wenqi Xian and Jia-Bin Huang and Johannes Kopf and Changil Kim},
  title     = {{Space-time Neural Irradiance Fields for Free-Viewpoint Video}},
  booktitle = {Proceedings of the IEEE/CVF Conference on Computer Vision and Pattern Recognition (CVPR)},
  year      = {2021},
  pages     = {9421--9431},
}

@article{weng2020vid2actor,
  title={{Vid2Actor: Free-viewpoint Animatable Person Synthesis from Video in the Wild}},
  author={Weng, Chung-Yi and Curless, Brian and Kemelmacher-Shlizerman, Ira},
  journal={arXiv preprint arXiv:2012.12884},
  year={2020}
}

article{weng2022humannerf,
    title={{HumanNeRF: Free-viewpoint Rendering of Moving People from Monocular Video}},
    author={Weng, Chung-Yi and Curless, Brian and Srinivasan, Pratul P. and 
            Barron, Jonathan T. and Kemelmacher-Shlizerman, Ira},
    journal={arXiv preprint arXiv:2201.04127},
    year={2022}
}

@article{rebain2022lolnerf,
    title={{LOLNeRF: Learn from One Look}},
    author={Rebain, Daniel and Matthews, Mark and Yi, Kwang Moo and Lagun, Dmitry and Tagliasacchi, Andrea},
    journal={arXiv preprint arXiv:2111.09996},
    year={2022}
}

@article{LIM2018256,
        title = "Foreground segmentation using convolutional neural networks for multiscale feature encoding",
        journal = "Pattern Recognition Letters",
        volume = "112",
        pages = "256 - 262",
        year = "2018",
        issn = "0167-8655",
        author = "Long Ang Lim and Hacer Yalim Keles",
        keywords = "Foreground segmentation, Background subtraction, Deep learning, Convolutional neural networks, Video surveillance, Pixel classification"
}

@article{babaee2018deep,
  title={A deep convolutional neural network for video sequence background subtraction},
  author={Babaee, Mohammadreza and Dinh, Duc Tung and Rigoll, Gerhard},
  journal={Pattern Recognition},
  volume={76},
  pages={635--649},
  year={2018},
  publisher={Elsevier}
}

@inproceedings{elgammal2000non,
  title={Non-parametric model for background subtraction},
  author={Elgammal, Ahmed and Harwood, David and Davis, Larry},
  booktitle={European conference on computer vision},
  pages={751--767},
  year={2000},
  organization={Springer}
}

@inproceedings{he2017mask,
  title={{Mask R-CNN}},
  author={He, Kaiming and Gkioxari, Georgia and Doll{\'a}r, Piotr and Girshick, Ross},
  booktitle={Proceedings of the IEEE international conference on computer vision},
  pages={2961--2969},
  year={2017}
}

@inproceedings{cheng2020bottom,
  title={{HigherHRNet: Scale-Aware Representation Learning for Bottom-Up Human Pose Estimation}},
  author={Bowen Cheng and Bin Xiao and Jingdong Wang and Honghui Shi and Thomas S. Huang and Lei Zhang},
  booktitle={CVPR},
  year={2020}
}

@misc{mmpose2020,
    title={{OpenMMLab Pose Estimation Toolbox and Benchmark}},
    author={MMPose Contributors},
    howpublished = {\url{https://github.com/open-mmlab/mmpose}},
    year={2020}
}

@article{lassner2020pulsar,
    author = {Christoph Lassner and Michael Zollh\"ofer},
    title = {Pulsar: Efficient Sphere-based Neural Rendering},
    journal = {arXiv:2004.07484},
    year = {2020},
}

@article{lassner2020pulsar,
    author = {Christoph Lassner and Michael Zollh\"ofer},
    title = {Pulsar: Efficient Sphere-based Neural Rendering},
    journal = {arXiv:2004.07484},
    year = {2020},
}

@thesis{hedlin2021humanpose,
  title={Human Pose and Stride Length Estimation},
  author={Hedlin, Eric},
  year={2021},
  school={University of Victoria}
}


@article{Lepetit:160138,
      title = {EPnP: An Accurate O(n) Solution to the PnP Problem},
      author = {Lepetit, Vincent and Moreno-Noguer, Francesc and Fua,  Pascal},
      publisher = {Springer Verlag},
      journal = {International Journal Of Computer Vision},
      volume = {81},
      pages = {155-166},
      year = {2009},
      abstract = {We propose a non-iterative solution to the PnP problem-the  estimation of the pose of a calibrated camera from n  3D-to-2D point correspondences-whose computational  complexity grows linearly with n. This is in contrast to  state-of-the-art methods that are O(n (5)) or even O(n  (8)), without being more accurate. Our method is applicable  for all na parts per thousand yen4 and handles properly  both planar and non-planar configurations. Our central idea  is to express the n 3D points as a weighted sum of four  virtual control points. The problem then reduces to  estimating the coordinates of these control points in the  camera referential, which can be done in O(n) time by  expressing these coordinates as weighted sum of the  eigenvectors of a 12x12 matrix and solving a small constant  number of quadratic equations to pick the right weights.  Furthermore, if maximal precision is required, the output  of the closed-form solution can be used to initialize a  Gauss-Newton scheme, which improves accuracy with  negligible amount of additional time. The advantages of our  method are demonstrated by thorough testing on both  synthetic and real-data.},
      
}

@article{jin2021image,
  title={{Image matching across wide baselines: From paper to practice}},
  author={Jin, Yuhe and Mishkin, Dmytro and Mishchuk, Anastasiia and Matas, Jiri and Fua, Pascal and Yi, Kwang Moo and Trulls, Eduard},
  journal={International Journal of Computer Vision},
  volume={129},
  number={2},
  pages={517--547},
  year={2021},
  publisher={Springer}
}

@inproceedings{carion2020end,
  title={End-to-end object detection with transformers},
  author={Carion, Nicolas and Massa, Francisco and Synnaeve, Gabriel and Usunier, Nicolas and Kirillov, Alexander and Zagoruyko, Sergey},
  booktitle={European conference on computer vision},
  pages={213--229},
  year={2020},
  organization={Springer}
}

@article{chng2022garf,
  title={GARF: Gaussian Activated Radiance Fields for High Fidelity Reconstruction and Pose Estimation},
  author={Chng, Shin-Fang and Ramasinghe, Sameera and Sherrah, Jamie and Lucey, Simon},
  journal={arXiv e-prints},
  pages={arXiv--2204},
  year={2022}
}

@inproceedings{kocabas2020vibe,
  title={Vibe: Video inference for human body pose and shape estimation},
  author={Kocabas, Muhammed and Athanasiou, Nikos and Black, Michael J},
  booktitle={Proceedings of the IEEE/CVF Conference on Computer Vision and Pattern Recognition},
  pages={5253--5263},
  year={2020}
}

@InProceedings{KingBa15,
  author    = {Kingma, Diederik and Ba, Jimmy},
  booktitle = {International Conference on Learning Representations (ICLR)},
  title     = {Adam: A Method for Stochastic Optimization},
  year      = {2015},
  address   = {San Diega, CA, USA},
  optmonth  = {12},
}

@inproceedings{STAR:ECCV:2020,
  title = {{STAR}: Sparse Trained Articulated Human Body Regressor},
  author = {Osman, Ahmed A. A. and Bolkart, Timo and Black, Michael J.},
  booktitle = {Computer Vision - ECCV 2020},
  volume = {6},
  pages = {598--613},
  series = {Lecture Notes in Computer Science, 12351},
  editors = {Vedaldi, Andrea and Bischof, Horst and Brox, Thomas and Frahm, Jan-Michael},
  publisher = {Springer},
  address = {Cham},
  month = aug,
  year = {2020},
  doi = {10.1007/978-3-030-58539-6_36},
  month_numeric = {8}
}


@inproceedings{SUPR,
  title = {{SUPR}: A Sparse Unified Part-Based Human Representation},
  author = {Osman, Ahmed A. A. and Bolkart, Timo and Tzionas, Dimitrios and Black, Michael J.},
  booktitle = {Computer Vision – ECCV 2022},
  volume = {2},
  pages = {568--585},
  series = {Lecture Notes in Computer Science, 13662},
  editors = {Avidan, Shai and Brostow, Gabriel and Cissé, Moustapha and Farinella, Giovanni Maria and Hassner, Tal},
  publisher = {Springer},
  address = {Cham},
  month = oct,
  year = {2022},
  doi = {10.1007/978-3-031-20086-1_33},
  month_numeric = {10}
}



@inproceedings{xiu2023econ,
  title     = {{ECON: Explicit Clothed humans Optimized via Normal integration}},
  author    = {Xiu, Yuliang and Yang, Jinlong and Cao, Xu and Tzionas, Dimitrios and Black, Michael J.},
  booktitle = {Proceedings of the IEEE/CVF Conference on Computer Vision and Pattern Recognition (CVPR)},
  month     = {June},
  year      = {2023},
}

@inproceedings{xiu2022icon,
  title     = {{ICON}: {I}mplicit {C}lothed humans {O}btained from {N}ormals},
  author    = {Xiu, Yuliang and Yang, Jinlong and Tzionas, Dimitrios and Black, Michael J.},
  booktitle = {Proceedings of the IEEE/CVF Conference on Computer Vision and Pattern Recognition (CVPR)},
  month     = {June},
  year      = {2022},
  pages     = {13296-13306}
}

@article{drape2012guan,
author = {Guan, Peng and Reiss, Loretta and Hirshberg, David A. and Weiss, Alexander and Black, Michael J.},
title = {DRAPE: DRessing Any PErson},
year = {2012},
issue_date = {July 2012},
publisher = {Association for Computing Machinery},
address = {New York, NY, USA},
volume = {31},
number = {4},
issn = {0730-0301},
url = {https://doi.org/10.1145/2185520.2185531},
doi = {10.1145/2185520.2185531},
abstract = {We describe a complete system for animating realistic clothing on synthetic bodies of any shape and pose without manual intervention. The key component of the method is a model of clothing called DRAPE (DRessing Any PErson) that is learned from a physics-based simulation of clothing on bodies of different shapes and poses. The DRAPE model has the desirable property of "factoring" clothing deformations due to body shape from those due to pose variation. This factorization provides an approximation to the physical clothing deformation and greatly simplifies clothing synthesis. Given a parameterized model of the human body with known shape and pose parameters, we describe an algorithm that dresses the body with a garment that is customized to fit and possesses realistic wrinkles. DRAPE can be used to dress static bodies or animated sequences with a learned model of the cloth dynamics. Since the method is fully automated, it is appropriate for dressing large numbers of virtual characters of varying shape. The method is significantly more efficient than physical simulation.},
journal = {ACM Trans. Graph.},
month = {jul},
articleno = {35},
numpages = {10},
keywords = {fit, clothing animation, learning, deformable model, virtual try-on, wrinkles, dressing}
}

@inproceedings{Feng2022scarf,
    author = {Feng, Yao and Yang, Jinlong and Pollefeys, Marc and Black, Michael J. and Bolkart, Timo},
    title = {Capturing and Animation of Body and Clothing from Monocular Video},
    year = {2022},
    booktitle = {SIGGRAPH Asia 2022 Conference Papers},
    articleno = {45},
    numpages = {9},
    location = {Daegu, Republic of Korea},
    series = {SA '22}
} 

@inproceedings{Mihajlovic:KeypointNeRF:ECCV2022,
  title = {{KeypointNeRF}: Generalizing Image-based Volumetric Avatars using Relative Spatial Encoding of Keypoints},
  author = {Mihajlovic, Marko and Bansal, Aayush and Zollhoefer, Michael and Tang, Siyu and Saito, Shunsuke},
  booktitle={European conference on computer vision},
  year={2022},
}

@article{liu2020neural,
  title={Neural Sparse Voxel Fields},
  author={Liu, Lingjie and Gu, Jiatao and Lin, Kyaw Zaw and Chua, Tat-Seng and Theobalt, Christian},
  journal={NeurIPS},
  year={2020}
}

@inproceedings{Peng2020ECCV,
 author =  {Peng, Songyou and Niemeyer, Michael and Mescheder, Lars and Pollefeys, Marc and Geiger, Andreas},
 title = {Convolutional Occupancy Networks},
 booktitle = {European Conference on Computer Vision (ECCV)},
 year = {2020}}

@inproceedings{Chan2022,
  author = {Eric R. Chan and Connor Z. Lin and Matthew A. Chan and Koki Nagano and Boxiao Pan and Shalini De Mello and Orazio Gallo and Leonidas Guibas and Jonathan Tremblay and Sameh Khamis and Tero Karras and Gordon Wetzstein},
  title = {Efficient Geometry-aware {3D} Generative Adversarial Networks},
  booktitle = {CVPR},
  year = {2022}
}

@article{hendrycks2016gelu,
  title={Gaussian Error Linear Units (GELUs)},
  author={Hendrycks, Dan and Gimpel, Kevin},
  journal={arXiv preprint arXiv:1606.08415},
  year={2016}
}

@inproceedings{Zhou_2019,
   title={On the Continuity of Rotation Representations in Neural Networks},
   url={http://dx.doi.org/10.1109/CVPR.2019.00589},
   DOI={10.1109/cvpr.2019.00589},
   booktitle={2019 IEEE/CVF Conference on Computer Vision and Pattern Recognition (CVPR)},
   publisher={IEEE},
   author={Zhou, Yi and Barnes, Connelly and Lu, Jingwan and Yang, Jimei and Li, Hao},
   year={2019},
   month=jun }

@misc{chen2021animatable,
    title={Animatable Neural Radiance Fields from Monocular RGB Videos}, 
    author={Jianchuan Chen and Ying Zhang and Di Kang and Xuefei Zhe and Linchao Bao and Xu Jia and Huchuan Lu},
    year={2021},
    eprint={2106.13629},
    archivePrefix={arXiv},
    primaryClass={cs.CV}
}

@article{Zheng2020PaMIRPM,
  title={PaMIR: Parametric Model-Conditioned Implicit Representation for Image-Based Human Reconstruction},
  author={Zerong Zheng and Tao Yu and Yebin Liu and Qionghai Dai},
  journal={IEEE Transactions on Pattern Analysis and Machine Intelligence},
  year={2020},
  volume={44},
  pages={3170-3184},
  url={https://api.semanticscholar.org/CorpusID:220404307}
}

@article{ravi2020pytorch3d,
    author = {Nikhila Ravi and Jeremy Reizenstein and David Novotny and Taylor Gordon
                  and Wan-Yen Lo and Justin Johnson and Georgia Gkioxari},
    title = {Accelerating 3D Deep Learning with PyTorch3D},
    journal = {arXiv:2007.08501},
    year = {2020},
}

@conference{AMASS:ICCV:2019,
  title = {{AMASS}: Archive of Motion Capture as Surface Shapes},
  author = {Mahmood, Naureen and Ghorbani, Nima and Troje, Nikolaus F. and Pons-Moll, Gerard and Black, Michael J.},
  booktitle = {International Conference on Computer Vision},
  pages = {5442--5451},
  month = oct,
  year = {2019},
  month_numeric = {10}
}