@inproceedings{StepBack,
	author = {Zheng, Huaixiu Steven and Mishra, Swaroop and Chen, Xinyun and Cheng, Heng-Tze and Chi, Ed H. and Le, Quoc V and Zhou, Denny},
	booktitle = {The {Twelfth} {International} {Conference} on {Learning} {Representations}},
	year = {2024},
	pages = {},
	organization = {},
	title = {Take a {Step} {Back}: Evoking {Reasoning} via {Abstraction} in {Large} {Language} {Models}},
	volume = {abs/2310.06117},
}
@article{RQ-RAG,
	author = {Chan, Chi-Min and Xu, Chunpu and Yuan, Ruibin and Luo, Hongyin and Xue, Wei and Guo, Yike and Fu, Jie},
	journal = {arXiv},
	year = {2024},
	pages = {},
	publisher = {},
	title = {RQ-{RAG}: Learning to {Refine} {Queries} for {Retrieval} {Augmented} {Generation}},
	volume = {abs/2404.00610},
}
@inproceedings{ToC,
	author       = {Gangwoo Kim and
	Sungdong Kim and
	Byeongguk Jeon and
	Joonsuk Park and
	Jaewoo Kang},
	editor       = {Houda Bouamor and
	Juan Pino and
	Kalika Bali},
	title        = {Tree of Clarifications: Answering Ambiguous Questions with Retrieval-Augmented
	Large Language Models},
	booktitle    = {Proceedings of the 2023 Conference on Empirical Methods in Natural
	Language Processing, {EMNLP} 2023, Singapore, December 6-10, 2023},
	pages        = {996--1009},
	publisher    = {Association for Computational Linguistics},
	year         = {2023},
	url          = {https://doi.org/10.18653/v1/2023.emnlp-main.63},
	doi          = {10.18653/V1/2023.EMNLP-MAIN.63},
	timestamp    = {Fri, 12 Apr 2024 13:11:51 +0200},
	biburl       = {https://dblp.org/rec/conf/emnlp/KimKJPK23.bib},
	bibsource    = {dblp computer science bibliography, https://dblp.org}
}
@misc{HiRAG,
	title={Hierarchical Retrieval-Augmented Generation Model with Rethink for Multi-hop Question Answering}, 
	author={Xiaoming Zhang and Ming Wang and Xiaocui Yang and Daling Wang and Shi Feng and Yifei Zhang},
	year={2024},
	eprint={2408.11875},
	archivePrefix={arXiv},
	primaryClass={cs.CL},
	url={https://arxiv.org/abs/2408.11875}, 
}
@inproceedings{Least-to-Most,
	author       = {Denny Zhou and
	Nathanael Sch{\"{a}}rli and
	Le Hou and
	Jason Wei and
	Nathan Scales and
	Xuezhi Wang and
	Dale Schuurmans and
	Claire Cui and
	Olivier Bousquet and
	Quoc V. Le and
	Ed H. Chi},
	title        = {Least-to-Most Prompting Enables Complex Reasoning in Large Language
	Models},
	booktitle    = {The Eleventh International Conference on Learning Representations,
	{ICLR} 2023, Kigali, Rwanda, May 1-5, 2023},
	publisher    = {OpenReview.net},
	year         = {2023},
	url          = {https://openreview.net/forum?id=WZH7099tgfM},
	timestamp    = {Wed, 24 Jul 2024 16:50:34 +0200},
	biburl       = {https://dblp.org/rec/conf/iclr/ZhouSHWS0SCBLC23.bib},
	bibsource    = {dblp computer science bibliography, https://dblp.org}
}
@article{LPKG,
	author       = {Junjie Wang and
	Mingyang Chen and
	Binbin Hu and
	Dan Yang and
	Ziqi Liu and
	Yue Shen and
	Peng Wei and
	Zhiqiang Zhang and
	Jinjie Gu and
	Jun Zhou and
	Jeff Z. Pan and
	Wen Zhang and
	Huajun Chen},
	title        = {Learning to Plan for Retrieval-Augmented Large Language Models from
	Knowledge Graphs},
	journal      = {CoRR},
	volume       = {abs/2406.14282},
	year         = {2024},
	url          = {https://doi.org/10.48550/arXiv.2406.14282},
	doi          = {10.48550/ARXIV.2406.14282},
	eprinttype    = {arXiv},
	eprint       = {2406.14282},
	timestamp    = {Fri, 12 Jul 2024 19:38:51 +0200},
	biburl       = {https://dblp.org/rec/journals/corr/abs-2406-14282.bib},
	bibsource    = {dblp computer science bibliography, https://dblp.org}
}
@article{Think-then-Act,
	author       = {Yige Shen and
	Hao Jiang and
	Hua Qu and
	Jihong Zhao},
	title        = {Think-then-Act: {A} Dual-Angle Evaluated Retrieval-Augmented Generation},
	journal      = {CoRR},
	volume       = {abs/2406.13050},
	year         = {2024},
	url          = {https://doi.org/10.48550/arXiv.2406.13050},
	doi          = {10.48550/ARXIV.2406.13050},
	eprinttype    = {arXiv},
	eprint       = {2406.13050},
	timestamp    = {Fri, 12 Jul 2024 19:38:45 +0200},
	biburl       = {https://dblp.org/rec/journals/corr/abs-2406-13050.bib},
	bibsource    = {dblp computer science bibliography, https://dblp.org}
}
@inproceedings{RA-ISF,
	author       = {Yanming Liu and
	Xinyue Peng and
	Xuhong Zhang and
	Weihao Liu and
	Jianwei Yin and
	Jiannan Cao and
	Tianyu Du},
	editor       = {Lun{-}Wei Ku and
	Andre Martins and
	Vivek Srikumar},
	title        = {{RA-ISF:} Learning to Answer and Understand from Retrieval Augmentation
	via Iterative Self-Feedback},
	booktitle    = {Findings of the Association for Computational Linguistics, {ACL} 2024,
	Bangkok, Thailand and virtual meeting, August 11-16, 2024},
	pages        = {4730--4749},
	publisher    = {Association for Computational Linguistics},
	year         = {2024},
	url          = {https://doi.org/10.18653/v1/2024.findings-acl.281},
	doi          = {10.18653/V1/2024.FINDINGS-ACL.281},
	timestamp    = {Tue, 24 Sep 2024 10:55:35 +0200},
	biburl       = {https://dblp.org/rec/conf/acl/LiuP0LYCD24.bib},
	bibsource    = {dblp computer science bibliography, https://dblp.org}
}
@inproceedings{query_expansion_survey2,
  author       = {Orion Weller and
                  Kyle Lo and
                  David Wadden and
                  Dawn J. Lawrie and
                  Benjamin Van Durme and
                  Arman Cohan and
                  Luca Soldaini},
  editor       = {Yvette Graham and
                  Matthew Purver},
  title        = {When do Generative Query and Document Expansions Fail? {A} Comprehensive
                  Study Across Methods, Retrievers, and Datasets},
  booktitle    = {Findings of the Association for Computational Linguistics: {EACL}
                  2024, St. Julian's, Malta, March 17-22, 2024},
  pages        = {1987--2003},
  publisher    = {Association for Computational Linguistics},
  year         = {2024},
  url          = {https://aclanthology.org/2024.findings-eacl.134},
  timestamp    = {Tue, 02 Apr 2024 16:32:10 +0200},
  biburl       = {https://dblp.org/rec/conf/eacl/WellerLWLDCS24.bib},
  bibsource    = {dblp computer science bibliography, https://dblp.org}
}
@article{query_expansion_survey1,
  author       = {Hiteshwar Kumar Azad and
                  Akshay Deepak},
  title        = {Query expansion techniques for information retrieval: {A} survey},
  journal      = {Inf. Process. Manag.},
  volume       = {56},
  number       = {5},
  pages        = {1698--1735},
  year         = {2019},
  url          = {https://doi.org/10.1016/j.ipm.2019.05.009},
  doi          = {10.1016/J.IPM.2019.05.009},
  timestamp    = {Thu, 25 Apr 2024 15:20:45 +0200},
  biburl       = {https://dblp.org/rec/journals/ipm/AzadD19.bib},
  bibsource    = {dblp computer science bibliography, https://dblp.org}
}
@inproceedings{GenQREnsemble,
	author       = {Kaustubh D. Dhole and
	Eugene Agichtein},
	editor       = {Nazli Goharian and
	Nicola Tonellotto and
	Yulan He and
	Aldo Lipani and
	Graham McDonald and
	Craig Macdonald and
	Iadh Ounis},
	title        = {GenQREnsemble: Zero-Shot {LLM} Ensemble Prompting for Generative Query
	Reformulation},
	booktitle    = {Advances in Information Retrieval - 46th European Conference on Information
	Retrieval, {ECIR} 2024, Glasgow, UK, March 24-28, 2024, Proceedings,
	Part {III}},
	series       = {Lecture Notes in Computer Science},
	volume       = {14610},
	pages        = {326--335},
	publisher    = {Springer},
	year         = {2024},
	url          = {https://doi.org/10.1007/978-3-031-56063-7\_24},
	doi          = {10.1007/978-3-031-56063-7\_24},
	timestamp    = {Mon, 15 Apr 2024 08:25:15 +0200},
	biburl       = {https://dblp.org/rec/conf/ecir/DholeA24.bib},
	bibsource    = {dblp computer science bibliography, https://dblp.org}
}
@article{GuideCQR,
	author       = {Jeonghyun Park and
	Hwanhee Lee},
	title        = {Conversational Query Reformulation with the Guidance of Retrieved
	Documents},
	journal      = {CoRR},
	volume       = {abs/2407.12363},
	year         = {2024},
	url          = {https://doi.org/10.48550/arXiv.2407.12363},
	doi          = {10.48550/ARXIV.2407.12363},
	eprinttype    = {arXiv},
	eprint       = {2407.12363},
	timestamp    = {Fri, 23 Aug 2024 14:09:05 +0200},
	biburl       = {https://dblp.org/rec/journals/corr/abs-2407-12363.bib},
	bibsource    = {dblp computer science bibliography, https://dblp.org}
}
@misc{CoA,
	title={Efficient Tool Use with Chain-of-Abstraction Reasoning}, 
	author={Silin Gao and Jane Dwivedi-Yu and Ping Yu and Xiaoqing Ellen Tan and Ramakanth Pasunuru and Olga Golovneva and Koustuv Sinha and Asli Celikyilmaz and Antoine Bosselut and Tianlu Wang},
	year={2024},
	eprint={2401.17464},
	archivePrefix={arXiv},
	primaryClass={cs.CL},
	url={https://arxiv.org/abs/2401.17464}, 
}
@inproceedings{IRCoT,
	author       = {Harsh Trivedi and
	Niranjan Balasubramanian and
	Tushar Khot and
	Ashish Sabharwal},
	editor       = {Anna Rogers and
	Jordan L. Boyd{-}Graber and
	Naoaki Okazaki},
	title        = {Interleaving Retrieval with Chain-of-Thought Reasoning for Knowledge-Intensive
	Multi-Step Questions},
	booktitle    = {Proceedings of the 61st Annual Meeting of the Association for Computational
	Linguistics (Volume 1: Long Papers), {ACL} 2023, Toronto, Canada,
	July 9-14, 2023},
	pages        = {10014--10037},
	publisher    = {Association for Computational Linguistics},
	year         = {2023},
	url          = {https://doi.org/10.18653/v1/2023.acl-long.557},
	doi          = {10.18653/V1/2023.ACL-LONG.557},
	timestamp    = {Thu, 10 Aug 2023 12:36:00 +0200},
	biburl       = {https://dblp.org/rec/conf/acl/TrivediBKS23.bib},
	bibsource    = {dblp computer science bibliography, https://dblp.org}
}
@inproceedings{Query2doc,
	author       = {Liang Wang and
	Nan Yang and
	Furu Wei},
	editor       = {Houda Bouamor and
	Juan Pino and
	Kalika Bali},
	title        = {Query2doc: Query Expansion with Large Language Models},
	booktitle    = {Proceedings of the 2023 Conference on Empirical Methods in Natural
	Language Processing, {EMNLP} 2023, Singapore, December 6-10, 2023},
	pages        = {9414--9423},
	publisher    = {Association for Computational Linguistics},
	year         = {2023},
	url          = {https://doi.org/10.18653/v1/2023.emnlp-main.585},
	doi          = {10.18653/V1/2023.EMNLP-MAIN.585},
	timestamp    = {Sun, 21 Jul 2024 18:16:55 +0200},
	biburl       = {https://dblp.org/rec/conf/emnlp/WangYW23.bib},
	bibsource    = {dblp computer science bibliography, https://dblp.org}
}
@article{GQE,
	author       = {Zechen Bai and
	Tianjun Xiao and
	Tong He and
	Pichao Wang and
	Zheng Zhang and
	Thomas Brox and
	Mike Zheng Shou},
	title        = {{GQE:} Generalized Query Expansion for Enhanced Text-Video Retrieval},
	journal      = {CoRR},
	volume       = {abs/2408.07249},
	year         = {2024},
	url          = {https://doi.org/10.48550/arXiv.2408.07249},
	doi          = {10.48550/ARXIV.2408.07249},
	eprinttype    = {arXiv},
	eprint       = {2408.07249},
	timestamp    = {Mon, 23 Sep 2024 16:09:01 +0200},
	biburl       = {https://dblp.org/rec/journals/corr/abs-2408-07249.bib},
	bibsource    = {dblp computer science bibliography, https://dblp.org}
}
@inproceedings{CSQE,
	author       = {Yibin Lei and
	Yu Cao and
	Tianyi Zhou and
	Tao Shen and
	Andrew Yates},
	editor       = {Yvette Graham and
	Matthew Purver},
	title        = {Corpus-Steered Query Expansion with Large Language Models},
	booktitle    = {Proceedings of the 18th Conference of the European Chapter of the
	Association for Computational Linguistics, {EACL} 2024 - Volume 2:
	Short Papers, St. Julian's, Malta, March 17-22, 2024},
	pages        = {393--401},
	publisher    = {Association for Computational Linguistics},
	year         = {2024},
	url          = {https://aclanthology.org/2024.eacl-short.34},
	timestamp    = {Fri, 26 Jul 2024 07:36:19 +0200},
	biburl       = {https://dblp.org/rec/conf/eacl/LeiCZSY24.bib},
	bibsource    = {dblp computer science bibliography, https://dblp.org}
}
@misc{MUGI,
	title={Exploring the Best Practices of Query Expansion with Large Language Models}, 
	author={Le Zhang and Yihong Wu and Qian Yang and Jian-Yun Nie},
	year={2024},
	eprint={2401.06311},
	archivePrefix={arXiv},
	primaryClass={cs.IR},
	url={https://arxiv.org/abs/2401.06311}, 
}
@inproceedings{MILL,
	author       = {Pengyue Jia and
	Yiding Liu and
	Xiangyu Zhao and
	Xiaopeng Li and
	Changying Hao and
	Shuaiqiang Wang and
	Dawei Yin},
	editor       = {Kevin Duh and
	Helena G{\'{o}}mez{-}Adorno and
	Steven Bethard},
	title        = {{MILL:} Mutual Verification with Large Language Models for Zero-Shot
	Query Expansion},
	booktitle    = {Proceedings of the 2024 Conference of the North American Chapter of
	the Association for Computational Linguistics: Human Language Technologies
	(Volume 1: Long Papers), {NAACL} 2024, Mexico City, Mexico, June 16-21,
	2024},
	pages        = {2498--2518},
	publisher    = {Association for Computational Linguistics},
	year         = {2024},
	url          = {https://doi.org/10.18653/v1/2024.naacl-long.138},
	doi          = {10.18653/V1/2024.NAACL-LONG.138},
	timestamp    = {Thu, 29 Aug 2024 17:13:57 +0200},
	biburl       = {https://dblp.org/rec/conf/naacl/JiaL0LHWY24.bib},
	bibsource    = {dblp computer science bibliography, https://dblp.org}
}
@inproceedings{EQE,
	author       = {Yanan Zhang and
	Weijie Cui and
	Yangfan Zhang and
	Xiaoling Bai and
	Zhe Zhang and
	Jin Ma and
	Xiang Chen and
	Tianhua Zhou},
	editor       = {Sunayana Sitaram and
	Beata Beigman Klebanov and
	Jason D. Williams},
	title        = {Event-Centric Query Expansion in Web Search},
	booktitle    = {Proceedings of the The 61st Annual Meeting of the Association for
	Computational Linguistics: Industry Track, {ACL} 2023, Toronto, Canada,
	July 9-14, 2023},
	pages        = {464--475},
	publisher    = {Association for Computational Linguistics},
	year         = {2023},
	url          = {https://doi.org/10.18653/v1/2023.acl-industry.45},
	doi          = {10.18653/V1/2023.ACL-INDUSTRY.45},
	timestamp    = {Fri, 08 Mar 2024 17:35:43 +0100},
	biburl       = {https://dblp.org/rec/conf/acl/ZhangCZBZMCZ23.bib},
	bibsource    = {dblp computer science bibliography, https://dblp.org}
}
@inproceedings{HyDE,
	author       = {Luyu Gao and
	Xueguang Ma and
	Jimmy Lin and
	Jamie Callan},
	editor       = {Anna Rogers and
	Jordan L. Boyd{-}Graber and
	Naoaki Okazaki},
	title        = {Precise Zero-Shot Dense Retrieval without Relevance Labels},
	booktitle    = {Proceedings of the 61st Annual Meeting of the Association for Computational
	Linguistics (Volume 1: Long Papers), {ACL} 2023, Toronto, Canada,
	July 9-14, 2023},
	pages        = {1762--1777},
	publisher    = {Association for Computational Linguistics},
	year         = {2023},
	url          = {https://doi.org/10.18653/v1/2023.acl-long.99},
	doi          = {10.18653/V1/2023.ACL-LONG.99},
	timestamp    = {Thu, 10 Aug 2023 12:36:02 +0200},
	biburl       = {https://dblp.org/rec/conf/acl/GaoMLC23.bib},
	bibsource    = {dblp computer science bibliography, https://dblp.org}
}
@inproceedings{FLARE,
	author       = {Zhengbao Jiang and
	Frank F. Xu and
	Luyu Gao and
	Zhiqing Sun and
	Qian Liu and
	Jane Dwivedi{-}Yu and
	Yiming Yang and
	Jamie Callan and
	Graham Neubig},
	editor       = {Houda Bouamor and
	Juan Pino and
	Kalika Bali},
	title        = {Active Retrieval Augmented Generation},
	booktitle    = {Proceedings of the 2023 Conference on Empirical Methods in Natural
	Language Processing, {EMNLP} 2023, Singapore, December 6-10, 2023},
	pages        = {7969--7992},
	publisher    = {Association for Computational Linguistics},
	year         = {2023},
	url          = {https://doi.org/10.18653/v1/2023.emnlp-main.495},
	doi          = {10.18653/V1/2023.EMNLP-MAIN.495},
	timestamp    = {Fri, 12 Apr 2024 13:11:50 +0200},
	biburl       = {https://dblp.org/rec/conf/emnlp/JiangXGSLDYCN23.bib},
	bibsource    = {dblp computer science bibliography, https://dblp.org}
}
@article{Rewrite-Retrieve-Read,
	author       = {Xinbei Ma and
	Yeyun Gong and
	Pengcheng He and
	Hai Zhao and
	Nan Duan},
	title        = {Query Rewriting for Retrieval-Augmented Large Language Models},
	journal      = {CoRR},
	volume       = {abs/2305.14283},
	year         = {2023},
	url          = {https://doi.org/10.48550/arXiv.2305.14283},
	doi          = {10.48550/ARXIV.2305.14283},
	eprinttype    = {arXiv},
	eprint       = {2305.14283},
	timestamp    = {Thu, 21 Mar 2024 16:25:23 +0100},
	biburl       = {https://dblp.org/rec/journals/corr/abs-2305-14283.bib},
	bibsource    = {dblp computer science bibliography, https://dblp.org}
}
@inproceedings{BEQUE,
	author       = {Wenjun Peng and
	Guiyang Li and
	Yue Jiang and
	Zilong Wang and
	Dan Ou and
	Xiaoyi Zeng and
	Derong Xu and
	Tong Xu and
	Enhong Chen},
	editor       = {Tat{-}Seng Chua and
	Chong{-}Wah Ngo and
	Roy Ka{-}Wei Lee and
	Ravi Kumar and
	Hady W. Lauw},
	title        = {Large Language Model based Long-tail Query Rewriting in Taobao Search},
	booktitle    = {Companion Proceedings of the {ACM} on Web Conference 2024, {WWW} 2024,
	Singapore, Singapore, May 13-17, 2024},
	pages        = {20--28},
	publisher    = {{ACM}},
	year         = {2024},
	url          = {https://doi.org/10.1145/3589335.3648298},
	doi          = {10.1145/3589335.3648298},
	timestamp    = {Fri, 17 May 2024 21:42:50 +0200},
	biburl       = {https://dblp.org/rec/conf/www/PengLJWOZX0C24.bib},
	bibsource    = {dblp computer science bibliography, https://dblp.org}
}
@inproceedings{LameR,
	author       = {Tao Shen and
	Guodong Long and
	Xiubo Geng and
	Chongyang Tao and
	Yibin Lei and
	Tianyi Zhou and
	Michael Blumenstein and
	Daxin Jiang},
	editor       = {Lun{-}Wei Ku and
	Andre Martins and
	Vivek Srikumar},
	title        = {Retrieval-Augmented Retrieval: Large Language Models are Strong Zero-Shot
	Retriever},
	booktitle    = {Findings of the Association for Computational Linguistics, {ACL} 2024,
	Bangkok, Thailand and virtual meeting, August 11-16, 2024},
	pages        = {15933--15946},
	publisher    = {Association for Computational Linguistics},
	year         = {2024},
	url          = {https://doi.org/10.18653/v1/2024.findings-acl.943},
	doi          = {10.18653/V1/2024.FINDINGS-ACL.943},
	timestamp    = {Tue, 24 Sep 2024 10:55:38 +0200},
	biburl       = {https://dblp.org/rec/conf/acl/0001LGTL0BJ24.bib},
	bibsource    = {dblp computer science bibliography, https://dblp.org}
}
@inproceedings{CoK,
	author       = {Xingxuan Li and
	Ruochen Zhao and
	Yew Ken Chia and
	Bosheng Ding and
	Shafiq Joty and
	Soujanya Poria and
	Lidong Bing},
	title        = {Chain-of-Knowledge: Grounding Large Language Models via Dynamic Knowledge
	Adapting over Heterogeneous Sources},
	booktitle    = {The Twelfth International Conference on Learning Representations,
	{ICLR} 2024, Vienna, Austria, May 7-11, 2024},
	publisher    = {OpenReview.net},
	year         = {2024},
	url          = {https://openreview.net/forum?id=cPgh4gWZlz},
	timestamp    = {Wed, 07 Aug 2024 17:11:53 +0200},
	biburl       = {https://dblp.org/rec/conf/iclr/LiZCDJPB24.bib},
	bibsource    = {dblp computer science bibliography, https://dblp.org}
}
@article{Demonstrate-Search-Predict,
	author       = {Omar Khattab and
	Keshav Santhanam and
	Xiang Lisa Li and
	David Hall and
	Percy Liang and
	Christopher Potts and
	Matei Zaharia},
	title        = {Demonstrate-Search-Predict: Composing retrieval and language models
	for knowledge-intensive {NLP}},
	journal      = {CoRR},
	volume       = {abs/2212.14024},
	year         = {2022},
	url          = {https://doi.org/10.48550/arXiv.2212.14024},
	doi          = {10.48550/ARXIV.2212.14024},
	eprinttype    = {arXiv},
	eprint       = {2212.14024},
	timestamp    = {Mon, 05 Feb 2024 20:18:32 +0100},
	biburl       = {https://dblp.org/rec/journals/corr/abs-2212-14024.bib},
	bibsource    = {dblp computer science bibliography, https://dblp.org}
}
@inproceedings{Promptagator,
	author       = {Zhuyun Dai and
	Vincent Y. Zhao and
	Ji Ma and
	Yi Luan and
	Jianmo Ni and
	Jing Lu and
	Anton Bakalov and
	Kelvin Guu and
	Keith B. Hall and
	Ming{-}Wei Chang},
	title        = {Promptagator: Few-shot Dense Retrieval From 8 Examples},
	booktitle    = {The Eleventh International Conference on Learning Representations,
	{ICLR} 2023, Kigali, Rwanda, May 1-5, 2023},
	publisher    = {OpenReview.net},
	year         = {2023},
	url          = {https://openreview.net/forum?id=gmL46YMpu2J},
	timestamp    = {Wed, 24 Jul 2024 16:50:33 +0200},
	biburl       = {https://dblp.org/rec/conf/iclr/DaiZMLNLBGHC23.bib},
	bibsource    = {dblp computer science bibliography, https://dblp.org}
}
@article{KnowledGPT,
	author       = {Xintao Wang and
	Qianwen Yang and
	Yongting Qiu and
	Jiaqing Liang and
	Qianyu He and
	Zhouhong Gu and
	Yanghua Xiao and
	Wei Wang},
	title        = {KnowledGPT: Enhancing Large Language Models with Retrieval and Storage
	Access on Knowledge Bases},
	journal      = {CoRR},
	volume       = {abs/2308.11761},
	year         = {2023},
	url          = {https://doi.org/10.48550/arXiv.2308.11761},
	doi          = {10.48550/ARXIV.2308.11761},
	eprinttype    = {arXiv},
	eprint       = {2308.11761},
	timestamp    = {Wed, 30 Aug 2023 17:27:54 +0200},
	biburl       = {https://dblp.org/rec/journals/corr/abs-2308-11761.bib},
	bibsource    = {dblp computer science bibliography, https://dblp.org}
}
@inproceedings{RARG,
	author       = {Zhenrui Yue and
	Huimin Zeng and
	Yimeng Lu and
	Lanyu Shang and
	Yang Zhang and
	Dong Wang},
	editor       = {Kevin Duh and
	Helena G{\'{o}}mez{-}Adorno and
	Steven Bethard},
	title        = {Evidence-Driven Retrieval Augmented Response Generation for Online
	Misinformation},
	booktitle    = {Proceedings of the 2024 Conference of the North American Chapter of
	the Association for Computational Linguistics: Human Language Technologies
	(Volume 1: Long Papers), {NAACL} 2024, Mexico City, Mexico, June 16-21,
	2024},
	pages        = {5628--5643},
	publisher    = {Association for Computational Linguistics},
	year         = {2024},
	url          = {https://doi.org/10.18653/v1/2024.naacl-long.313},
	doi          = {10.18653/V1/2024.NAACL-LONG.313},
	timestamp    = {Fri, 30 Aug 2024 07:59:46 +0200},
	biburl       = {https://dblp.org/rec/conf/naacl/YueZLSZW24.bib},
	bibsource    = {dblp computer science bibliography, https://dblp.org}
}
@inproceedings{DRAGIN,
	author       = {Weihang Su and
	Yichen Tang and
	Qingyao Ai and
	Zhijing Wu and
	Yiqun Liu},
	editor       = {Lun{-}Wei Ku and
	Andre Martins and
	Vivek Srikumar},
	title        = {{DRAGIN:} Dynamic Retrieval Augmented Generation based on the Real-time
	Information Needs of Large Language Models},
	booktitle    = {Proceedings of the 62nd Annual Meeting of the Association for Computational
	Linguistics (Volume 1: Long Papers), {ACL} 2024, Bangkok, Thailand,
	August 11-16, 2024},
	pages        = {12991--13013},
	publisher    = {Association for Computational Linguistics},
	year         = {2024},
	url          = {https://doi.org/10.18653/v1/2024.acl-long.702},
	doi          = {10.18653/V1/2024.ACL-LONG.702},
	timestamp    = {Tue, 24 Sep 2024 10:55:35 +0200},
	biburl       = {https://dblp.org/rec/conf/acl/SuTA0024.bib},
	bibsource    = {dblp computer science bibliography, https://dblp.org}
}
@inproceedings{EWEK-QA,
	author       = {Mohammad Dehghan and
	Mohammad Ali Alomrani and
	Sunyam Bagga and
	David Alfonso{-}Hermelo and
	Khalil Bibi and
	Abbas Ghaddar and
	Yingxue Zhang and
	Xiaoguang Li and
	Jianye Hao and
	Qun Liu and
	Jimmy Lin and
	Boxing Chen and
	Prasanna Parthasarathi and
	Mahdi Biparva and
	Mehdi Rezagholizadeh},
	editor       = {Lun{-}Wei Ku and
	Andre Martins and
	Vivek Srikumar},
	title        = {{EWEK-QA} : Enhanced Web and Efficient Knowledge Graph Retrieval for
	Citation-based Question Answering Systems},
	booktitle    = {Proceedings of the 62nd Annual Meeting of the Association for Computational
	Linguistics (Volume 1: Long Papers), {ACL} 2024, Bangkok, Thailand,
	August 11-16, 2024},
	pages        = {14169--14187},
	publisher    = {Association for Computational Linguistics},
	year         = {2024},
	url          = {https://doi.org/10.18653/v1/2024.acl-long.764},
	doi          = {10.18653/V1/2024.ACL-LONG.764},
	timestamp    = {Tue, 24 Sep 2024 10:55:46 +0200},
	biburl       = {https://dblp.org/rec/conf/acl/DehghanABABG0LH24.bib},
	bibsource    = {dblp computer science bibliography, https://dblp.org}
}
@article{RaFe,
	author       = {Shengyu Mao and
	Yong Jiang and
	Boli Chen and
	Xiao Li and
	Peng Wang and
	Xinyu Wang and
	Pengjun Xie and
	Fei Huang and
	Huajun Chen and
	Ningyu Zhang},
	title        = {RaFe: Ranking Feedback Improves Query Rewriting for {RAG}},
	journal      = {CoRR},
	volume       = {abs/2405.14431},
	year         = {2024},
	url          = {https://doi.org/10.48550/arXiv.2405.14431},
	doi          = {10.48550/ARXIV.2405.14431},
	eprinttype    = {arXiv},
	eprint       = {2405.14431},
	timestamp    = {Mon, 22 Jul 2024 08:26:54 +0200},
	biburl       = {https://dblp.org/rec/journals/corr/abs-2405-14431.bib},
	bibsource    = {dblp computer science bibliography, https://dblp.org}
}
@article{RichRAG,
	author       = {Shuting Wang and
	Xin Yu and
	Mang Wang and
	Weipeng Chen and
	Yutao Zhu and
	Zhicheng Dou},
	title        = {RichRAG: Crafting Rich Responses for Multi-faceted Queries in Retrieval-Augmented
	Generation},
	journal      = {CoRR},
	volume       = {abs/2406.12566},
	year         = {2024},
	url          = {https://doi.org/10.48550/arXiv.2406.12566},
	doi          = {10.48550/ARXIV.2406.12566},
	eprinttype    = {arXiv},
	eprint       = {2406.12566},
	timestamp    = {Mon, 29 Jul 2024 09:05:35 +0200},
	biburl       = {https://dblp.org/rec/journals/corr/abs-2406-12566.bib},
	bibsource    = {dblp computer science bibliography, https://dblp.org}
}
@inproceedings{Self-Ask,
	author       = {Ofir Press and
	Muru Zhang and
	Sewon Min and
	Ludwig Schmidt and
	Noah A. Smith and
	Mike Lewis},
	editor       = {Houda Bouamor and
	Juan Pino and
	Kalika Bali},
	title        = {Measuring and Narrowing the Compositionality Gap in Language Models},
	booktitle    = {Findings of the Association for Computational Linguistics: {EMNLP}
	2023, Singapore, December 6-10, 2023},
	pages        = {5687--5711},
	publisher    = {Association for Computational Linguistics},
	year         = {2023},
	url          = {https://doi.org/10.18653/v1/2023.findings-emnlp.378},
	doi          = {10.18653/V1/2023.FINDINGS-EMNLP.378},
	timestamp    = {Fri, 12 Apr 2024 13:11:51 +0200},
	biburl       = {https://dblp.org/rec/conf/emnlp/PressZMSSL23.bib},
	bibsource    = {dblp computer science bibliography, https://dblp.org}
}
@inproceedings{DecomP,
	author       = {Tushar Khot and
	Harsh Trivedi and
	Matthew Finlayson and
	Yao Fu and
	Kyle Richardson and
	Peter Clark and
	Ashish Sabharwal},
	title        = {Decomposed Prompting: {A} Modular Approach for Solving Complex Tasks},
	booktitle    = {The Eleventh International Conference on Learning Representations,
	{ICLR} 2023, Kigali, Rwanda, May 1-5, 2023},
	publisher    = {OpenReview.net},
	year         = {2023},
	url          = {https://openreview.net/forum?id=\_nGgzQjzaRy},
	timestamp    = {Wed, 24 Jul 2024 16:50:34 +0200},
	biburl       = {https://dblp.org/rec/conf/iclr/KhotTFF0CS23.bib},
	bibsource    = {dblp computer science bibliography, https://dblp.org}
}
@article{BlendFilter,
	author       = {Haoyu Wang and
	Tuo Zhao and
	Jing Gao},
	title        = {BlendFilter: Advancing Retrieval-Augmented Large Language Models via
	Query Generation Blending and Knowledge Filtering},
	journal      = {CoRR},
	volume       = {abs/2402.11129},
	year         = {2024},
	url          = {https://doi.org/10.48550/arXiv.2402.11129},
	doi          = {10.48550/ARXIV.2402.11129},
	eprinttype    = {arXiv},
	eprint       = {2402.11129},
	timestamp    = {Mon, 26 Feb 2024 16:52:48 +0100},
	biburl       = {https://dblp.org/rec/journals/corr/abs-2402-11129.bib},
	bibsource    = {dblp computer science bibliography, https://dblp.org}
}
@misc{ReFeed,
	title={Improving Language Models via Plug-and-Play Retrieval Feedback}, 
	author={Wenhao Yu and Zhihan Zhang and Zhenwen Liang and Meng Jiang and Ashish Sabharwal},
	year={2023},
	eprint={2305.14002},
	archivePrefix={arXiv},
	primaryClass={cs.CL},
	url={https://arxiv.org/abs/2305.14002}, 
}
@article{Query2Expand,
	author       = {Rolf Jagerman and
	Honglei Zhuang and
	Zhen Qin and
	Xuanhui Wang and
	Michael Bendersky},
	title        = {Query Expansion by Prompting Large Language Models},
	journal      = {CoRR},
	volume       = {abs/2305.03653},
	year         = {2023},
	url          = {https://doi.org/10.48550/arXiv.2305.03653},
	doi          = {10.48550/ARXIV.2305.03653},
	eprinttype    = {arXiv},
	eprint       = {2305.03653},
	timestamp    = {Wed, 10 May 2023 16:08:41 +0200},
	biburl       = {https://dblp.org/rec/journals/corr/abs-2305-03653.bib},
	bibsource    = {dblp computer science bibliography, https://dblp.org}
}
@article{Crafting-the-Path,
	author       = {Ingeol Baek and
	Jimin Lee and
	Joonho Yang and
	Hwanhee Lee},
	title        = {Crafting the Path: Robust Query Rewriting for Information Retrieval},
	journal      = {CoRR},
	volume       = {abs/2407.12529},
	year         = {2024},
	url          = {https://doi.org/10.48550/arXiv.2407.12529},
	doi          = {10.48550/ARXIV.2407.12529},
	eprinttype    = {arXiv},
	eprint       = {2407.12529},
	timestamp    = {Fri, 23 Aug 2024 14:09:06 +0200},
	biburl       = {https://dblp.org/rec/journals/corr/abs-2407-12529.bib},
	bibsource    = {dblp computer science bibliography, https://dblp.org}
}
@article{AdaQR,
	author       = {Tianhua Zhang and
	Kun Li and
	Hongyin Luo and
	Xixin Wu and
	James R. Glass and
	Helen Meng},
	title        = {Adaptive Query Rewriting: Aligning Rewriters through Marginal Probability
	of Conversational Answers},
	journal      = {CoRR},
	volume       = {abs/2406.10991},
	year         = {2024},
	url          = {https://doi.org/10.48550/arXiv.2406.10991},
	doi          = {10.48550/ARXIV.2406.10991},
	eprinttype    = {arXiv},
	eprint       = {2406.10991},
	timestamp    = {Thu, 18 Jul 2024 15:01:25 +0200},
	biburl       = {https://dblp.org/rec/journals/corr/abs-2406-10991.bib},
	bibsource    = {dblp computer science bibliography, https://dblp.org}
}
@article{CHIQ,
	author       = {Fengran Mo and
	Abbas Ghaddar and
	Kelong Mao and
	Mehdi Rezagholizadeh and
	Boxing Chen and
	Qun Liu and
	Jian{-}Yun Nie},
	title        = {{CHIQ:} Contextual History Enhancement for Improving Query Rewriting
	in Conversational Search},
	journal      = {CoRR},
	volume       = {abs/2406.05013},
	year         = {2024},
	url          = {https://doi.org/10.48550/arXiv.2406.05013},
	doi          = {10.48550/ARXIV.2406.05013},
	eprinttype    = {arXiv},
	eprint       = {2406.05013},
	timestamp    = {Sat, 13 Jul 2024 22:06:55 +0200},
	biburl       = {https://dblp.org/rec/journals/corr/abs-2406-05013.bib},
	bibsource    = {dblp computer science bibliography, https://dblp.org}
}
@inproceedings{Successive-Prompting,
	author       = {Dheeru Dua and
	Shivanshu Gupta and
	Sameer Singh and
	Matt Gardner},
	editor       = {Yoav Goldberg and
	Zornitsa Kozareva and
	Yue Zhang},
	title        = {Successive Prompting for Decomposing Complex Questions},
	booktitle    = {Proceedings of the 2022 Conference on Empirical Methods in Natural
	Language Processing, {EMNLP} 2022, Abu Dhabi, United Arab Emirates,
	December 7-11, 2022},
	pages        = {1251--1265},
	publisher    = {Association for Computational Linguistics},
	year         = {2022},
	url          = {https://doi.org/10.18653/v1/2022.emnlp-main.81},
	doi          = {10.18653/V1/2022.EMNLP-MAIN.81},
	timestamp    = {Thu, 10 Aug 2023 12:35:32 +0200},
	biburl       = {https://dblp.org/rec/conf/emnlp/DuaG0G22.bib},
	bibsource    = {dblp computer science bibliography, https://dblp.org}
}
@inproceedings{EchoPrompt,
	author       = {Raja Sekhar Reddy Mekala and
	Yasaman Razeghi and
	Sameer Singh},
	editor       = {Kevin Duh and
	Helena G{\'{o}}mez{-}Adorno and
	Steven Bethard},
	title        = {EchoPrompt: Instructing the Model to Rephrase Queries for Improved
	In-context Learning},
	booktitle    = {Proceedings of the 2024 Conference of the North American Chapter of
	the Association for Computational Linguistics: Human Language Technologies:
	Short Papers, {NAACL} 2024, Mexico City, Mexico, June 16-21, 2024},
	pages        = {399--432},
	publisher    = {Association for Computational Linguistics},
	year         = {2024},
	url          = {https://doi.org/10.18653/v1/2024.naacl-short.35},
	doi          = {10.18653/V1/2024.NAACL-SHORT.35},
	timestamp    = {Thu, 12 Sep 2024 13:29:32 +0200},
	biburl       = {https://dblp.org/rec/conf/naacl/MekalaRS24.bib},
	bibsource    = {dblp computer science bibliography, https://dblp.org}
}
@article{ICAT,
	author       = {Venktesh V and
	Sourangshu Bhattacharya and
	Avishek Anand},
	title        = {In-Context Ability Transfer for Question Decomposition in Complex
	{QA}},
	journal      = {CoRR},
	volume       = {abs/2310.18371},
	year         = {2023},
	url          = {https://doi.org/10.48550/arXiv.2310.18371},
	doi          = {10.48550/ARXIV.2310.18371},
	eprinttype    = {arXiv},
	eprint       = {2310.18371},
	timestamp    = {Thu, 02 Nov 2023 17:30:29 +0100},
	biburl       = {https://dblp.org/rec/journals/corr/abs-2310-18371.bib},
	bibsource    = {dblp computer science bibliography, https://dblp.org}
}
@inproceedings{QDMR,
	author       = {Wang Zhu and
	Jesse Thomason and
	Robin Jia},
	editor       = {Houda Bouamor and
	Juan Pino and
	Kalika Bali},
	title        = {Chain-of-Questions Training with Latent Answers for Robust Multistep
	Question Answering},
	booktitle    = {Proceedings of the 2023 Conference on Empirical Methods in Natural
	Language Processing, {EMNLP} 2023, Singapore, December 6-10, 2023},
	pages        = {8845--8860},
	publisher    = {Association for Computational Linguistics},
	year         = {2023},
	url          = {https://doi.org/10.18653/v1/2023.emnlp-main.547},
	doi          = {10.18653/V1/2023.EMNLP-MAIN.547},
	timestamp    = {Fri, 12 Apr 2024 13:11:50 +0200},
	biburl       = {https://dblp.org/rec/conf/emnlp/0001TJ23.bib},
	bibsource    = {dblp computer science bibliography, https://dblp.org}
}
@inproceedings{Plan-and-Solve,
	author       = {Lei Wang and
	Wanyu Xu and
	Yihuai Lan and
	Zhiqiang Hu and
	Yunshi Lan and
	Roy Ka{-}Wei Lee and
	Ee{-}Peng Lim},
	editor       = {Anna Rogers and
	Jordan L. Boyd{-}Graber and
	Naoaki Okazaki},
	title        = {Plan-and-Solve Prompting: Improving Zero-Shot Chain-of-Thought Reasoning
	by Large Language Models},
	booktitle    = {Proceedings of the 61st Annual Meeting of the Association for Computational
	Linguistics (Volume 1: Long Papers), {ACL} 2023, Toronto, Canada,
	July 9-14, 2023},
	pages        = {2609--2634},
	publisher    = {Association for Computational Linguistics},
	year         = {2023},
	url          = {https://doi.org/10.18653/v1/2023.acl-long.147},
	doi          = {10.18653/V1/2023.ACL-LONG.147},
	timestamp    = {Tue, 07 May 2024 20:08:12 +0200},
	biburl       = {https://dblp.org/rec/conf/acl/WangXLHLLL23.bib},
	bibsource    = {dblp computer science bibliography, https://dblp.org}
}
@article{MaFeRw,
	author       = {Yujing Wang and
	Hainan Zhang and
	Liang Pang and
	Binghui Guo and
	Hongwei Zheng and
	Zhiming Zheng},
	title        = {MaFeRw: Query Rewriting with Multi-Aspect Feedbacks for Retrieval-Augmented
	Large Language Models},
	journal      = {CoRR},
	volume       = {abs/2408.17072},
	year         = {2024},
	url          = {https://doi.org/10.48550/arXiv.2408.17072},
	doi          = {10.48550/ARXIV.2408.17072},
	eprinttype    = {arXiv},
	eprint       = {2408.17072},
	timestamp    = {Sat, 28 Sep 2024 20:40:27 +0200},
	biburl       = {https://dblp.org/rec/journals/corr/abs-2408-17072.bib},
	bibsource    = {dblp computer science bibliography, https://dblp.org}
}
@inproceedings{InfoCQR,
	author       = {Fanghua Ye and
	Meng Fang and
	Shenghui Li and
	Emine Yilmaz},
	editor       = {Houda Bouamor and
	Juan Pino and
	Kalika Bali},
	title        = {Enhancing Conversational Search: Large Language Model-Aided Informative
	Query Rewriting},
	booktitle    = {Findings of the Association for Computational Linguistics: {EMNLP}
	2023, Singapore, December 6-10, 2023},
	pages        = {5985--6006},
	publisher    = {Association for Computational Linguistics},
	year         = {2023},
	url          = {https://doi.org/10.18653/v1/2023.findings-emnlp.398},
	doi          = {10.18653/V1/2023.FINDINGS-EMNLP.398},
	timestamp    = {Fri, 12 Apr 2024 13:11:42 +0200},
	biburl       = {https://dblp.org/rec/conf/emnlp/0001FLY23.bib},
	bibsource    = {dblp computer science bibliography, https://dblp.org}
}
@inproceedings{GenRead,
	author       = {Wenhao Yu and
	Dan Iter and
	Shuohang Wang and
	Yichong Xu and
	Mingxuan Ju and
	Soumya Sanyal and
	Chenguang Zhu and
	Michael Zeng and
	Meng Jiang},
	title        = {Generate rather than Retrieve: Large Language Models are Strong Context
	Generators},
	booktitle    = {The Eleventh International Conference on Learning Representations,
	{ICLR} 2023, Kigali, Rwanda, May 1-5, 2023},
	publisher    = {OpenReview.net},
	year         = {2023},
	url          = {https://openreview.net/forum?id=fB0hRu9GZUS},
	timestamp    = {Wed, 24 Jul 2024 16:50:34 +0200},
	biburl       = {https://dblp.org/rec/conf/iclr/0002IWXJ000023.bib},
	bibsource    = {dblp computer science bibliography, https://dblp.org}
}
@inproceedings{InteR,
	author       = {Jiazhan Feng and
	Chongyang Tao and
	Xiubo Geng and
	Tao Shen and
	Can Xu and
	Guodong Long and
	Dongyan Zhao and
	Daxin Jiang},
	editor       = {Lun{-}Wei Ku and
	Andre Martins and
	Vivek Srikumar},
	title        = {Synergistic Interplay between Search and Large Language Models for
	Information Retrieval},
	booktitle    = {Proceedings of the 62nd Annual Meeting of the Association for Computational
	Linguistics (Volume 1: Long Papers), {ACL} 2024, Bangkok, Thailand,
	August 11-16, 2024},
	pages        = {9571--9583},
	publisher    = {Association for Computational Linguistics},
	year         = {2024},
	url          = {https://doi.org/10.18653/v1/2024.acl-long.517},
	doi          = {10.18653/V1/2024.ACL-LONG.517},
	timestamp    = {Tue, 24 Sep 2024 10:55:37 +0200},
	biburl       = {https://dblp.org/rec/conf/acl/FengTG0XLZJ24.bib},
	bibsource    = {dblp computer science bibliography, https://dblp.org}
}
@inproceedings{LLM4CS,
	author       = {Kelong Mao and
	Zhicheng Dou and
	Fengran Mo and
	Jiewen Hou and
	Haonan Chen and
	Hongjin Qian},
	editor       = {Houda Bouamor and
	Juan Pino and
	Kalika Bali},
	title        = {Large Language Models Know Your Contextual Search Intent: {A} Prompting
	Framework for Conversational Search},
	booktitle    = {Findings of the Association for Computational Linguistics: {EMNLP}
	2023, Singapore, December 6-10, 2023},
	pages        = {1211--1225},
	publisher    = {Association for Computational Linguistics},
	year         = {2023},
	url          = {https://doi.org/10.18653/v1/2023.findings-emnlp.86},
	doi          = {10.18653/V1/2023.FINDINGS-EMNLP.86},
	timestamp    = {Fri, 12 Apr 2024 13:11:50 +0200},
	biburl       = {https://dblp.org/rec/conf/emnlp/MaoDMH0Q23.bib},
	bibsource    = {dblp computer science bibliography, https://dblp.org}
}
@article{ALTER,
	author       = {Han Zhang and
	Yuheng Ma and
	Hanfang Yang},
	title        = {{ALTER:} Augmentation for Large-Table-Based Reasoning},
	journal      = {CoRR},
	volume       = {abs/2407.03061},
	year         = {2024},
	url          = {https://doi.org/10.48550/arXiv.2407.03061},
	doi          = {10.48550/ARXIV.2407.03061},
	eprinttype    = {arXiv},
	eprint       = {2407.03061},
	timestamp    = {Wed, 07 Aug 2024 21:29:39 +0200},
	biburl       = {https://dblp.org/rec/journals/corr/abs-2407-03061.bib},
	bibsource    = {dblp computer science bibliography, https://dblp.org}
}
@inproceedings{AbsInstruct,
	author       = {Zhaowei Wang and
	Wei Fan and
	Qing Zong and
	Hongming Zhang and
	Sehyun Choi and
	Tianqing Fang and
	Xin Liu and
	Yangqiu Song and
	Ginny Y. Wong and
	Simon See},
	editor       = {Lun{-}Wei Ku and
	Andre Martins and
	Vivek Srikumar},
	title        = {AbsInstruct: Eliciting Abstraction Ability from LLMs through Explanation
	Tuning with Plausibility Estimation},
	booktitle    = {Proceedings of the 62nd Annual Meeting of the Association for Computational
	Linguistics (Volume 1: Long Papers), {ACL} 2024, Bangkok, Thailand,
	August 11-16, 2024},
	pages        = {973--994},
	publisher    = {Association for Computational Linguistics},
	year         = {2024},
	url          = {https://doi.org/10.18653/v1/2024.acl-long.55},
	doi          = {10.18653/V1/2024.ACL-LONG.55},
	timestamp    = {Tue, 24 Sep 2024 10:55:36 +0200},
	biburl       = {https://dblp.org/rec/conf/acl/WangFZ0CFLSWS24.bib},
	bibsource    = {dblp computer science bibliography, https://dblp.org}
}
@article{AoT,
	author       = {Ruixin Hong and
	Hongming Zhang and
	Xiaoman Pan and
	Dong Yu and
	Changshui Zhang},
	title        = {Abstraction-of-Thought Makes Language Models Better Reasoners},
	journal      = {CoRR},
	volume       = {abs/2406.12442},
	year         = {2024},
	url          = {https://doi.org/10.48550/arXiv.2406.12442},
	doi          = {10.48550/ARXIV.2406.12442},
	eprinttype    = {arXiv},
	eprint       = {2406.12442},
	timestamp    = {Fri, 12 Jul 2024 19:38:42 +0200},
	biburl       = {https://dblp.org/rec/journals/corr/abs-2406-12442.bib},
	bibsource    = {dblp computer science bibliography, https://dblp.org}
}
@inproceedings{AbsPyramid,
	author       = {Zhaowei Wang and
	Haochen Shi and
	Weiqi Wang and
	Tianqing Fang and
	Hongming Zhang and
	Sehyun Choi and
	Xin Liu and
	Yangqiu Song},
	editor       = {Kevin Duh and
	Helena G{\'{o}}mez{-}Adorno and
	Steven Bethard},
	title        = {AbsPyramid: Benchmarking the Abstraction Ability of Language Models
	with a Unified Entailment Graph},
	booktitle    = {Findings of the Association for Computational Linguistics: {NAACL}
	2024, Mexico City, Mexico, June 16-21, 2024},
	pages        = {3991--4010},
	publisher    = {Association for Computational Linguistics},
	year         = {2024},
	url          = {https://doi.org/10.18653/v1/2024.findings-naacl.252},
	doi          = {10.18653/V1/2024.FINDINGS-NAACL.252},
	timestamp    = {Thu, 12 Sep 2024 13:29:32 +0200},
	biburl       = {https://dblp.org/rec/conf/naacl/WangSWFZCLS24.bib},
	bibsource    = {dblp computer science bibliography, https://dblp.org}
}
@inproceedings{Meta-Reasoning,
	author       = {Yiming Wang and
	Zhuosheng Zhang and
	Pei Zhang and
	Baosong Yang and
	Rui Wang},
	editor       = {Lun{-}Wei Ku and
	Andre Martins and
	Vivek Srikumar},
	title        = {Meta-Reasoning: Semantics-Symbol Deconstruction for Large Language
	Models},
	booktitle    = {Findings of the Association for Computational Linguistics, {ACL} 2024,
	Bangkok, Thailand and virtual meeting, August 11-16, 2024},
	pages        = {622--643},
	publisher    = {Association for Computational Linguistics},
	year         = {2024},
	url          = {https://doi.org/10.18653/v1/2024.findings-acl.34},
	doi          = {10.18653/V1/2024.FINDINGS-ACL.34},
	timestamp    = {Tue, 24 Sep 2024 10:55:47 +0200},
	biburl       = {https://dblp.org/rec/conf/acl/Wang00YW24.bib},
	bibsource    = {dblp computer science bibliography, https://dblp.org}
}
@article{Conceptualization-Abstraction,
	author       = {Ben Zhou and
	Hongming Zhang and
	Sihao Chen and
	Dian Yu and
	Hongwei Wang and
	Baolin Peng and
	Dan Roth and
	Dong Yu},
	title        = {Conceptual and Unbiased Reasoning in Language Models},
	journal      = {CoRR},
	volume       = {abs/2404.00205},
	year         = {2024},
	url          = {https://doi.org/10.48550/arXiv.2404.00205},
	doi          = {10.48550/ARXIV.2404.00205},
	eprinttype    = {arXiv},
	eprint       = {2404.00205},
	timestamp    = {Tue, 23 Jul 2024 08:23:08 +0200},
	biburl       = {https://dblp.org/rec/journals/corr/abs-2404-00205.bib},
	bibsource    = {dblp computer science bibliography, https://dblp.org}
}
@inproceedings{Natural-Program,
	author       = {Zhan Ling and
	Yunhao Fang and
	Xuanlin Li and
	Zhiao Huang and
	Mingu Lee and
	Roland Memisevic and
	Hao Su},
	editor       = {Alice Oh and
	Tristan Naumann and
	Amir Globerson and
	Kate Saenko and
	Moritz Hardt and
	Sergey Levine},
	title        = {Deductive Verification of Chain-of-Thought Reasoning},
	booktitle    = {Advances in Neural Information Processing Systems 36: Annual Conference
	on Neural Information Processing Systems 2023, NeurIPS 2023, New Orleans,
	LA, USA, December 10 - 16, 2023},
	year         = {2023},
	url          = {http://papers.nips.cc/paper\_files/paper/2023/hash/72393bd47a35f5b3bee4c609e7bba733-Abstract-Conference.html},
	timestamp    = {Thu, 13 Jun 2024 21:48:06 +0200},
	biburl       = {https://dblp.org/rec/conf/nips/LingFLHLMS23.bib},
	bibsource    = {dblp computer science bibliography, https://dblp.org}
}
@article{IQC,
	author       = {Haoxiong Liu and
	Yifan Zhang and
	Yifan Luo and
	Andrew Chi{-}Chih Yao},
	title        = {Augmenting Math Word Problems via Iterative Question Composing},
	journal      = {CoRR},
	volume       = {abs/2401.09003},
	year         = {2024},
	url          = {https://doi.org/10.48550/arXiv.2401.09003},
	doi          = {10.48550/ARXIV.2401.09003},
	eprinttype    = {arXiv},
	eprint       = {2401.09003},
	timestamp    = {Thu, 01 Feb 2024 15:35:36 +0100},
	biburl       = {https://dblp.org/rec/journals/corr/abs-2401-09003.bib},
	bibsource    = {dblp computer science bibliography, https://dblp.org}
}
@inproceedings{IM-RAG,
	author       = {Diji Yang and
	Jinmeng Rao and
	Kezhen Chen and
	Xiaoyuan Guo and
	Yawen Zhang and
	Jie Yang and
	Yi Zhang},
	editor       = {Grace Hui Yang and
	Hongning Wang and
	Sam Han and
	Claudia Hauff and
	Guido Zuccon and
	Yi Zhang},
	title        = {{IM-RAG:} Multi-Round Retrieval-Augmented Generation Through Learning
	Inner Monologues},
	booktitle    = {Proceedings of the 47th International {ACM} {SIGIR} Conference on
	Research and Development in Information Retrieval, {SIGIR} 2024, Washington
	DC, USA, July 14-18, 2024},
	pages        = {730--740},
	publisher    = {{ACM}},
	year         = {2024},
	url          = {https://doi.org/10.1145/3626772.3657760},
	doi          = {10.1145/3626772.3657760},
	timestamp    = {Thu, 08 Aug 2024 16:16:26 +0200},
	biburl       = {https://dblp.org/rec/conf/sigir/YangRCGZYZ24.bib},
	bibsource    = {dblp computer science bibliography, https://dblp.org}
}
@misc{MQA-KEAL,
	title={MQA-KEAL: Multi-hop Question Answering under Knowledge Editing for Arabic Language}, 
	author={Muhammad Asif Ali and Nawal Daftardar and Mutayyaba Waheed and Jianbin Qin and Di Wang},
	year={2024},
	eprint={2409.12257},
	archivePrefix={arXiv},
	primaryClass={cs.CL},
	url={https://arxiv.org/abs/2409.12257}, 
}
@article{MA-RIR,
	author       = {Anton Korikov and
	George Saad and
	Ethan Baron and
	Mustafa Khan and
	Manav Shah and
	Scott Sanner},
	title        = {Multi-Aspect Reviewed-Item Retrieval via {LLM} Query Decomposition
	and Aspect Fusion},
	journal      = {CoRR},
	volume       = {abs/2408.00878},
	year         = {2024},
	url          = {https://doi.org/10.48550/arXiv.2408.00878},
	doi          = {10.48550/ARXIV.2408.00878},
	eprinttype    = {arXiv},
	eprint       = {2408.00878},
	timestamp    = {Mon, 09 Sep 2024 19:10:55 +0200},
	biburl       = {https://dblp.org/rec/journals/corr/abs-2408-00878.bib},
	bibsource    = {dblp computer science bibliography, https://dblp.org}
}
@inproceedings{ReAct,
	author       = {Shunyu Yao and
	Jeffrey Zhao and
	Dian Yu and
	Nan Du and
	Izhak Shafran and
	Karthik R. Narasimhan and
	Yuan Cao},
	title        = {ReAct: Synergizing Reasoning and Acting in Language Models},
	booktitle    = {The Eleventh International Conference on Learning Representations,
	{ICLR} 2023, Kigali, Rwanda, May 1-5, 2023},
	publisher    = {OpenReview.net},
	year         = {2023},
	url          = {https://openreview.net/forum?id=WE\_vluYUL-X},
	timestamp    = {Wed, 24 Jul 2024 16:50:33 +0200},
	biburl       = {https://dblp.org/rec/conf/iclr/YaoZYDSN023.bib},
	bibsource    = {dblp computer science bibliography, https://dblp.org}
}
@article{RAT,
	author       = {Zihao Wang and
	Anji Liu and
	Haowei Lin and
	Jiaqi Li and
	Xiaojian Ma and
	Yitao Liang},
	title        = {{RAT:} Retrieval Augmented Thoughts Elicit Context-Aware Reasoning
	in Long-Horizon Generation},
	journal      = {CoRR},
	volume       = {abs/2403.05313},
	year         = {2024},
	url          = {https://doi.org/10.48550/arXiv.2403.05313},
	doi          = {10.48550/ARXIV.2403.05313},
	eprinttype    = {arXiv},
	eprint       = {2403.05313},
	timestamp    = {Thu, 04 Apr 2024 15:22:22 +0200},
	biburl       = {https://dblp.org/rec/journals/corr/abs-2403-05313.bib},
	bibsource    = {dblp computer science bibliography, https://dblp.org}
}
@misc{DR-RAG,
	title={DR-RAG: Applying Dynamic Document Relevance to Retrieval-Augmented Generation for Question-Answering}, 
	author={Zijian Hei and Weiling Liu and Wenjie Ou and Juyi Qiao and Junming Jiao and Guowen Song and Ting Tian and Yi Lin},
	year={2024},
	eprint={2406.07348},
	archivePrefix={arXiv},
	primaryClass={cs.LG},
	url={https://arxiv.org/abs/2406.07348}, 
}
@article{REAPER,
	author       = {Ashutosh Joshi and
	Sheikh Muhammad Sarwar and
	Samarth Varshney and
	Sreyashi Nag and
	Shrivats Agrawal and
	Juhi Naik},
	title        = {{REAPER:} Reasoning based Retrieval Planning for Complex {RAG} Systems},
	journal      = {CoRR},
	volume       = {abs/2407.18553},
	year         = {2024},
	url          = {https://doi.org/10.48550/arXiv.2407.18553},
	doi          = {10.48550/ARXIV.2407.18553},
	eprinttype    = {arXiv},
	eprint       = {2407.18553},
	timestamp    = {Sat, 24 Aug 2024 12:32:21 +0200},
	biburl       = {https://dblp.org/rec/journals/corr/abs-2407-18553.bib},
	bibsource    = {dblp computer science bibliography, https://dblp.org}
}
@misc{CoV-RAG,
	title={Retrieving, Rethinking and Revising: The Chain-of-Verification Can Improve Retrieval Augmented Generation}, 
	author={Bolei He and Nuo Chen and Xinran He and Lingyong Yan and Zhenkai Wei and Jinchang Luo and Zhen-Hua Ling},
	year={2024},
	eprint={2410.05801},
	archivePrefix={arXiv},
	primaryClass={cs.CL},
	url={https://arxiv.org/abs/2410.05801}, 
}
@misc{ConTReGen,
	title={ConTReGen: Context-driven Tree-structured Retrieval for Open-domain Long-form Text Generation}, 
	author={Kashob Kumar Roy and Pritom Saha Akash and Kevin Chen-Chuan Chang and Lucian Popa},
	year={2024},
	eprint={2410.15511},
	archivePrefix={arXiv},
	primaryClass={cs.IR},
	url={https://arxiv.org/abs/2410.15511}, 
}
@inproceedings{EAR,
	author       = {Yung{-}Sung Chuang and
	Wei Fang and
	Shang{-}Wen Li and
	Wen{-}tau Yih and
	James R. Glass},
	editor       = {Anna Rogers and
	Jordan L. Boyd{-}Graber and
	Naoaki Okazaki},
	title        = {Expand, Rerank, and Retrieve: Query Reranking for Open-Domain Question
	Answering},
	booktitle    = {Findings of the Association for Computational Linguistics: {ACL} 2023,
	Toronto, Canada, July 9-14, 2023},
	pages        = {12131--12147},
	publisher    = {Association for Computational Linguistics},
	year         = {2023},
	url          = {https://doi.org/10.18653/v1/2023.findings-acl.768},
	doi          = {10.18653/V1/2023.FINDINGS-ACL.768},
	timestamp    = {Mon, 05 Feb 2024 20:27:01 +0100},
	biburl       = {https://dblp.org/rec/conf/acl/ChuangF0YG23.bib},
	bibsource    = {dblp computer science bibliography, https://dblp.org}
}
@inproceedings{
	RuleRAG,
	title={Rule{RAG}: Rule-Guided Retrieval-Augmented Generation with Language Models for Question Answering},
	author={Anonymous},
	booktitle={Submitted to The Thirteenth International Conference on Learning Representations},
	year={2024},
	url={https://openreview.net/forum?id=zl3nFqY8l1},
	note={under review}
}
@misc{plantimesrag,
	title={Plan$\times$RAG: Planning-guided Retrieval Augmented Generation}, 
	author={Prakhar Verma and Sukruta Prakash Midigeshi and Gaurav Sinha and Arno Solin and Nagarajan Natarajan and Amit Sharma},
	year={2024},
	eprint={2410.20753},
	archivePrefix={arXiv},
	primaryClass={cs.CL},
	url={https://arxiv.org/abs/2410.20753}, 
}
@article{hallucination1,
	author       = {Yue Zhang and
	Yafu Li and
	Leyang Cui and
	Deng Cai and
	Lemao Liu and
	Tingchen Fu and
	Xinting Huang and
	Enbo Zhao and
	Yu Zhang and
	Yulong Chen and
	Longyue Wang and
	Anh Tuan Luu and
	Wei Bi and
	Freda Shi and
	Shuming Shi},
	title        = {Siren's Song in the {AI} Ocean: {A} Survey on Hallucination in Large
	Language Models},
	journal      = {CoRR},
	volume       = {abs/2309.01219},
	year         = {2023},
	url          = {https://doi.org/10.48550/arXiv.2309.01219},
	doi          = {10.48550/ARXIV.2309.01219},
	eprinttype    = {arXiv},
	eprint       = {2309.01219},
	timestamp    = {Tue, 06 Aug 2024 08:17:53 +0200},
	biburl       = {https://dblp.org/rec/journals/corr/abs-2309-01219.bib},
	bibsource    = {dblp computer science bibliography, https://dblp.org}
}
@article{hallucination2,
	author       = {S. M. Towhidul Islam Tonmoy and
	S. M. Mehedi Zaman and
	Vinija Jain and
	Anku Rani and
	Vipula Rawte and
	Aman Chadha and
	Amitava Das},
	title        = {A Comprehensive Survey of Hallucination Mitigation Techniques in Large
	Language Models},
	journal      = {CoRR},
	volume       = {abs/2401.01313},
	year         = {2024},
	url          = {https://doi.org/10.48550/arXiv.2401.01313},
	doi          = {10.48550/ARXIV.2401.01313},
	eprinttype    = {arXiv},
	eprint       = {2401.01313},
	timestamp    = {Mon, 15 Jan 2024 16:37:16 +0100},
	biburl       = {https://dblp.org/rec/journals/corr/abs-2401-01313.bib},
	bibsource    = {dblp computer science bibliography, https://dblp.org}
}
@inproceedings{survey1,
	author       = {Nikhil Kandpal and
	Haikang Deng and
	Adam Roberts and
	Eric Wallace and
	Colin Raffel},
	editor       = {Andreas Krause and
	Emma Brunskill and
	Kyunghyun Cho and
	Barbara Engelhardt and
	Sivan Sabato and
	Jonathan Scarlett},
	title        = {Large Language Models Struggle to Learn Long-Tail Knowledge},
	booktitle    = {International Conference on Machine Learning, {ICML} 2023, 23-29 July
	2023, Honolulu, Hawaii, {USA}},
	series       = {Proceedings of Machine Learning Research},
	volume       = {202},
	pages        = {15696--15707},
	publisher    = {{PMLR}},
	year         = {2023},
	url          = {https://proceedings.mlr.press/v202/kandpal23a.html},
	timestamp    = {Mon, 28 Aug 2023 17:23:08 +0200},
	biburl       = {https://dblp.org/rec/conf/icml/KandpalDRWR23.bib},
	bibsource    = {dblp computer science bibliography, https://dblp.org}
}
@article{survey2,
	author       = {Yunfan Gao and
	Yun Xiong and
	Xinyu Gao and
	Kangxiang Jia and
	Jinliu Pan and
	Yuxi Bi and
	Yi Dai and
	Jiawei Sun and
	Qianyu Guo and
	Meng Wang and
	Haofen Wang},
	title        = {Retrieval-Augmented Generation for Large Language Models: {A} Survey},
	journal      = {CoRR},
	volume       = {abs/2312.10997},
	year         = {2023},
	url          = {https://doi.org/10.48550/arXiv.2312.10997},
	doi          = {10.48550/ARXIV.2312.10997},
	eprinttype    = {arXiv},
	eprint       = {2312.10997},
	timestamp    = {Wed, 13 Nov 2024 17:13:08 +0100},
	biburl       = {https://dblp.org/rec/journals/corr/abs-2312-10997.bib},
	bibsource    = {dblp computer science bibliography, https://dblp.org}
}
@article{survey3,
  author       = {Yutao Zhu and
                  Huaying Yuan and
                  Shuting Wang and
                  Jiongnan Liu and
                  Wenhan Liu and
                  Chenlong Deng and
                  Zhicheng Dou and
                  Ji{-}Rong Wen},
  title        = {Large Language Models for Information Retrieval: {A} Survey},
  journal      = {CoRR},
  volume       = {abs/2308.07107},
  year         = {2023},
  url          = {https://doi.org/10.48550/arXiv.2308.07107},
  doi          = {10.48550/ARXIV.2308.07107},
  eprinttype    = {arXiv},
  eprint       = {2308.07107},
  timestamp    = {Sun, 06 Oct 2024 21:24:00 +0200},
  biburl       = {https://dblp.org/rec/journals/corr/abs-2308-07107.bib},
  bibsource    = {dblp computer science bibliography, https://dblp.org}
}
@article{survey4,
  author       = {Yizheng Huang and
                  Jimmy Huang},
  title        = {A Survey on Retrieval-Augmented Text Generation for Large Language
                  Models},
  journal      = {CoRR},
  volume       = {abs/2404.10981},
  year         = {2024},
  url          = {https://doi.org/10.48550/arXiv.2404.10981},
  doi          = {10.48550/ARXIV.2404.10981},
  eprinttype    = {arXiv},
  eprint       = {2404.10981},
  timestamp    = {Mon, 27 May 2024 17:04:03 +0200},
  biburl       = {https://dblp.org/rec/journals/corr/abs-2404-10981.bib},
  bibsource    = {dblp computer science bibliography, https://dblp.org}
}
@article{survey7,
	author       = {Yucheng Hu and
	Yuxing Lu},
	title        = {{RAG} and {RAU:} {A} Survey on Retrieval-Augmented Language Model
	in Natural Language Processing},
	journal      = {CoRR},
	volume       = {abs/2404.19543},
	year         = {2024},
	url          = {https://doi.org/10.48550/arXiv.2404.19543},
	doi          = {10.48550/ARXIV.2404.19543},
	eprinttype    = {arXiv},
	eprint       = {2404.19543},
	timestamp    = {Sun, 06 Oct 2024 21:25:05 +0200},
	biburl       = {https://dblp.org/rec/journals/corr/abs-2404-19543.bib},
	bibsource    = {dblp computer science bibliography, https://dblp.org}
}
@inproceedings{survey8,
	author       = {Wenqi Fan and
	Yujuan Ding and
	Liangbo Ning and
	Shijie Wang and
	Hengyun Li and
	Dawei Yin and
	Tat{-}Seng Chua and
	Qing Li},
	editor       = {Ricardo Baeza{-}Yates and
	Francesco Bonchi},
	title        = {A Survey on {RAG} Meeting LLMs: Towards Retrieval-Augmented Large
	Language Models},
	booktitle    = {Proceedings of the 30th {ACM} {SIGKDD} Conference on Knowledge Discovery
	and Data Mining, {KDD} 2024, Barcelona, Spain, August 25-29, 2024},
	pages        = {6491--6501},
	publisher    = {{ACM}},
	year         = {2024},
	url          = {https://doi.org/10.1145/3637528.3671470},
	doi          = {10.1145/3637528.3671470},
	timestamp    = {Sun, 08 Sep 2024 16:05:57 +0200},
	biburl       = {https://dblp.org/rec/conf/kdd/FanDNWLYCL24.bib},
	bibsource    = {dblp computer science bibliography, https://dblp.org}
}
@article{survey9,
	author       = {Shangyu Wu and
	Ying Xiong and
	Yufei Cui and
	Haolun Wu and
	Can Chen and
	Ye Yuan and
	Lianming Huang and
	Xue Liu and
	Tei{-}Wei Kuo and
	Nan Guan and
	Chun Jason Xue},
	title        = {Retrieval-Augmented Generation for Natural Language Processing: {A}
	Survey},
	journal      = {CoRR},
	volume       = {abs/2407.13193},
	year         = {2024},
	url          = {https://doi.org/10.48550/arXiv.2407.13193},
	doi          = {10.48550/ARXIV.2407.13193},
	eprinttype    = {arXiv},
	eprint       = {2407.13193},
	timestamp    = {Thu, 22 Aug 2024 15:43:18 +0200},
	biburl       = {https://dblp.org/rec/journals/corr/abs-2407-13193.bib},
	bibsource    = {dblp computer science bibliography, https://dblp.org}
}
@article{survey10,
	author       = {Boci Peng and
	Yun Zhu and
	Yongchao Liu and
	Xiaohe Bo and
	Haizhou Shi and
	Chuntao Hong and
	Yan Zhang and
	Siliang Tang},
	title        = {Graph Retrieval-Augmented Generation: {A} Survey},
	journal      = {CoRR},
	volume       = {abs/2408.08921},
	year         = {2024},
	url          = {https://doi.org/10.48550/arXiv.2408.08921},
	doi          = {10.48550/ARXIV.2408.08921},
	eprinttype    = {arXiv},
	eprint       = {2408.08921},
	timestamp    = {Tue, 24 Sep 2024 17:36:23 +0200},
	biburl       = {https://dblp.org/rec/journals/corr/abs-2408-08921.bib},
	bibsource    = {dblp computer science bibliography, https://dblp.org}
}
@article{survey11,
	author       = {Shailja Gupta and
	Rajesh Ranjan and
	Surya Narayan Singh},
	title        = {A Comprehensive Survey of Retrieval-Augmented Generation {(RAG):}
	Evolution, Current Landscape and Future Directions},
	journal      = {CoRR},
	volume       = {abs/2410.12837},
	year         = {2024},
	url          = {https://doi.org/10.48550/arXiv.2410.12837},
	doi          = {10.48550/ARXIV.2410.12837},
	eprinttype    = {arXiv},
	eprint       = {2410.12837},
	timestamp    = {Sun, 24 Nov 2024 18:57:58 +0100},
	biburl       = {https://dblp.org/rec/journals/corr/abs-2410-12837.bib},
	bibsource    = {dblp computer science bibliography, https://dblp.org}
}
@article{survey5,
  author       = {Sourav Verma},
  title        = {Contextual Compression in Retrieval-Augmented Generation for Large
                  Language Models: {A} Survey},
  journal      = {CoRR},
  volume       = {abs/2409.13385},
  year         = {2024},
  url          = {https://doi.org/10.48550/arXiv.2409.13385},
  doi          = {10.48550/ARXIV.2409.13385},
  eprinttype    = {arXiv},
  eprint       = {2409.13385},
  timestamp    = {Thu, 17 Oct 2024 12:28:20 +0200},
  biburl       = {https://dblp.org/rec/journals/corr/abs-2409-13385.bib},
  bibsource    = {dblp computer science bibliography, https://dblp.org}
}
@article{survey6,
  author       = {Siyun Zhao and
                  Yuqing Yang and
                  Zilong Wang and
                  Zhiyuan He and
                  Luna Qiu and
                  Lili Qiu},
  title        = {Retrieval Augmented Generation {(RAG)} and Beyond: {A} Comprehensive
                  Survey on How to Make your LLMs use External Data More Wisely},
  journal      = {CoRR},
  volume       = {abs/2409.14924},
  year         = {2024},
  url          = {https://doi.org/10.48550/arXiv.2409.14924},
  doi          = {10.48550/ARXIV.2409.14924},
  eprinttype    = {arXiv},
  eprint       = {2409.14924},
  timestamp    = {Tue, 15 Oct 2024 20:29:46 +0200},
  biburl       = {https://dblp.org/rec/journals/corr/abs-2409-14924.bib},
  bibsource    = {dblp computer science bibliography, https://dblp.org}
}
@article{llm_survey,
	author       = {Wayne Xin Zhao and
	Kun Zhou and
	Junyi Li and
	Tianyi Tang and
	Xiaolei Wang and
	Yupeng Hou and
	Yingqian Min and
	Beichen Zhang and
	Junjie Zhang and
	Zican Dong and
	Yifan Du and
	Chen Yang and
	Yushuo Chen and
	Zhipeng Chen and
	Jinhao Jiang and
	Ruiyang Ren and
	Yifan Li and
	Xinyu Tang and
	Zikang Liu and
	Peiyu Liu and
	Jian{-}Yun Nie and
	Ji{-}Rong Wen},
	title        = {A Survey of Large Language Models},
	journal      = {CoRR},
	volume       = {abs/2303.18223},
	year         = {2023},
	url          = {https://doi.org/10.48550/arXiv.2303.18223},
	doi          = {10.48550/ARXIV.2303.18223},
	eprinttype    = {arXiv},
	eprint       = {2303.18223},
	timestamp    = {Thu, 31 Oct 2024 08:09:26 +0100},
	biburl       = {https://dblp.org/rec/journals/corr/abs-2303-18223.bib},
	bibsource    = {dblp computer science bibliography, https://dblp.org}
}
@misc{ERRR,
      title={Query Optimization for Parametric Knowledge Refinement in Retrieval-Augmented Large Language Models}, 
      author={Youan Cong and Cheng Wang and Pritom Saha Akash and Kevin Chen-Chuan Chang},
      year={2024},
      eprint={2411.07820},
      archivePrefix={arXiv},
      primaryClass={cs.CL},
      url={https://arxiv.org/abs/2411.07820}, 
}
@article{rStar,
  author       = {Zhenting Qi and
                  Mingyuan Ma and
                  Jiahang Xu and
                  Li Lyna Zhang and
                  Fan Yang and
                  Mao Yang},
  title        = {Mutual Reasoning Makes Smaller LLMs Stronger Problem-Solvers},
  journal      = {CoRR},
  volume       = {abs/2408.06195},
  year         = {2024},
  url          = {https://doi.org/10.48550/arXiv.2408.06195},
  doi          = {10.48550/ARXIV.2408.06195},
  eprinttype    = {arXiv},
  eprint       = {2408.06195},
  timestamp    = {Mon, 21 Oct 2024 07:58:41 +0200},
  biburl       = {https://dblp.org/rec/journals/corr/abs-2408-06195.bib},
  bibsource    = {dblp computer science bibliography, https://dblp.org}
}
@inproceedings{AutoPRM,
  author       = {Zhaorun Chen and
                  Zhuokai Zhao and
                  Zhihong Zhu and
                  Ruiqi Zhang and
                  Xiang Li and
                  Bhiksha Raj and
                  Huaxiu Yao},
  editor       = {Kevin Duh and
                  Helena G{\'{o}}mez{-}Adorno and
                  Steven Bethard},
  title        = {AutoPRM: Automating Procedural Supervision for Multi-Step Reasoning
                  via Controllable Question Decomposition},
  booktitle    = {Proceedings of the 2024 Conference of the North American Chapter of
                  the Association for Computational Linguistics: Human Language Technologies
                  (Volume 1: Long Papers), {NAACL} 2024, Mexico City, Mexico, June 16-21,
                  2024},
  pages        = {1346--1362},
  publisher    = {Association for Computational Linguistics},
  year         = {2024},
  url          = {https://doi.org/10.18653/v1/2024.naacl-long.73},
  doi          = {10.18653/V1/2024.NAACL-LONG.73},
  timestamp    = {Thu, 29 Aug 2024 17:13:57 +0200},
  biburl       = {https://dblp.org/rec/conf/naacl/ChenZZZLRY24.bib},
  bibsource    = {dblp computer science bibliography, https://dblp.org}
}
@article{2020rag,
  author       = {Patrick S. H. Lewis and
                  Ethan Perez and
                  Aleksandra Piktus and
                  Fabio Petroni and
                  Vladimir Karpukhin and
                  Naman Goyal and
                  Heinrich K{\"{u}}ttler and
                  Mike Lewis and
                  Wen{-}tau Yih and
                  Tim Rockt{\"{a}}schel and
                  Sebastian Riedel and
                  Douwe Kiela},
  title        = {Retrieval-Augmented Generation for Knowledge-Intensive {NLP} Tasks},
  journal      = {CoRR},
  volume       = {abs/2005.11401},
  year         = {2020},
  url          = {https://arxiv.org/abs/2005.11401},
  eprinttype    = {arXiv},
  eprint       = {2005.11401},
  timestamp    = {Fri, 29 May 2020 09:57:22 +0200},
  biburl       = {https://dblp.org/rec/journals/corr/abs-2005-11401.bib},
  bibsource    = {dblp computer science bibliography, https://dblp.org}
}
@article{prms_1,
	author       = {Qianli Ma and
	Haotian Zhou and
	Tingkai Liu and
	Jianbo Yuan and
	Pengfei Liu and
	Yang You and
	Hongxia Yang},
	title        = {Let's reward step by step: Step-Level reward model as the Navigators
	for Reasoning},
	journal      = {CoRR},
	volume       = {abs/2310.10080},
	year         = {2023},
	url          = {https://doi.org/10.48550/arXiv.2310.10080},
	doi          = {10.48550/ARXIV.2310.10080},
	eprinttype    = {arXiv},
	eprint       = {2310.10080},
	timestamp    = {Wed, 25 Oct 2023 17:11:46 +0200},
	biburl       = {https://dblp.org/rec/journals/corr/abs-2310-10080.bib},
	bibsource    = {dblp computer science bibliography, https://dblp.org}
}
@article{prms_2,
	author       = {Amrith Setlur and
	Chirag Nagpal and
	Adam Fisch and
	Xinyang Geng and
	Jacob Eisenstein and
	Rishabh Agarwal and
	Alekh Agarwal and
	Jonathan Berant and
	Aviral Kumar},
	title        = {Rewarding Progress: Scaling Automated Process Verifiers for {LLM}
	Reasoning},
	journal      = {CoRR},
	volume       = {abs/2410.08146},
	year         = {2024},
	url          = {https://doi.org/10.48550/arXiv.2410.08146},
	doi          = {10.48550/ARXIV.2410.08146},
	eprinttype    = {arXiv},
	eprint       = {2410.08146},
	timestamp    = {Mon, 18 Nov 2024 14:52:19 +0100},
	biburl       = {https://dblp.org/rec/journals/corr/abs-2410-08146.bib},
	bibsource    = {dblp computer science bibliography, https://dblp.org}
}
@misc{RAG-Star,
	title={RAG-Star: Enhancing Deliberative Reasoning with Retrieval Augmented Verification and Refinement}, 
	author={Jinhao Jiang and Jiayi Chen and Junyi Li and Ruiyang Ren and Shijie Wang and Wayne Xin Zhao and Yang Song and Tao Zhang},
	year={2024},
	eprint={2412.12881},
	archivePrefix={arXiv},
	primaryClass={cs.CL},
	url={https://arxiv.org/abs/2412.12881}, 
}
@article{rag_benchmark_1,
	author       = {Tzu{-}Lin Kuo and
	Feng{-}Ting Liao and
	Mu{-}Wei Hsieh and
	Fu{-}Chieh Chang and
	Po{-}Chun Hsu and
	Da{-}Shan Shiu},
	title        = {RAD-Bench: Evaluating Large Language Models Capabilities in Retrieval
	Augmented Dialogues},
	journal      = {CoRR},
	volume       = {abs/2409.12558},
	year         = {2024},
	url          = {https://doi.org/10.48550/arXiv.2409.12558},
	doi          = {10.48550/ARXIV.2409.12558},
	eprinttype    = {arXiv},
	eprint       = {2409.12558},
	timestamp    = {Thu, 17 Oct 2024 12:28:16 +0200},
	biburl       = {https://dblp.org/rec/journals/corr/abs-2409-12558.bib},
	bibsource    = {dblp computer science bibliography, https://dblp.org}
}
@article{rag_benchmark_2,
	author       = {Kaige Xie and
	Philippe Laban and
	Prafulla Kumar Choubey and
	Caiming Xiong and
	Chien{-}Sheng Wu},
	title        = {Do {RAG} Systems Cover What Matters? Evaluating and Optimizing Responses
	with Sub-Question Coverage},
	journal      = {CoRR},
	volume       = {abs/2410.15531},
	year         = {2024},
	url          = {https://doi.org/10.48550/arXiv.2410.15531},
	doi          = {10.48550/ARXIV.2410.15531},
	eprinttype    = {arXiv},
	eprint       = {2410.15531},
	timestamp    = {Tue, 26 Nov 2024 15:54:16 +0100},
	biburl       = {https://dblp.org/rec/journals/corr/abs-2410-15531.bib},
	bibsource    = {dblp computer science bibliography, https://dblp.org}
}
@inproceedings{rag_benchmark_3,
	author       = {Rujun Han and
	Yuhao Zhang and
	Peng Qi and
	Yumo Xu and
	Jenyuan Wang and
	Lan Liu and
	William Yang Wang and
	Bonan Min and
	Vittorio Castelli},
	editor       = {Yaser Al{-}Onaizan and
	Mohit Bansal and
	Yun{-}Nung Chen},
	title        = {{RAG-QA} Arena: Evaluating Domain Robustness for Long-form Retrieval
	Augmented Question Answering},
	booktitle    = {Proceedings of the 2024 Conference on Empirical Methods in Natural
	Language Processing, {EMNLP} 2024, Miami, FL, USA, November 12-16,
	2024},
	pages        = {4354--4374},
	publisher    = {Association for Computational Linguistics},
	year         = {2024},
	url          = {https://aclanthology.org/2024.emnlp-main.249},
	timestamp    = {Thu, 14 Nov 2024 17:20:55 +0100},
	biburl       = {https://dblp.org/rec/conf/emnlp/Han00XWLWMC24.bib},
	bibsource    = {dblp computer science bibliography, https://dblp.org}
}
@misc{SimGRAG,
	title={SimGRAG: Leveraging Similar Subgraphs for Knowledge Graphs Driven Retrieval-Augmented Generation}, 
	author={Yuzheng Cai and Zhenyue Guo and Yiwen Pei and Wanrui Bian and Weiguo Zheng},
	year={2024},
	eprint={2412.15272},
	archivePrefix={arXiv},
	primaryClass={cs.CL},
	url={https://arxiv.org/abs/2412.15272}, 
}
