@incollection{Bengio+chapter2007,
author = {Bengio, Yoshua and LeCun, Yann},
booktitle = {Large Scale Kernel Machines},
publisher = {MIT Press},
title = {Scaling Learning Algorithms Towards {AI}},
year = {2007}
}

@article{Hinton06,
author = {Hinton, Geoffrey E. and Osindero, Simon and Teh, Yee Whye},
journal = {Neural Computation},
pages = {1527--1554},
title = {A Fast Learning Algorithm for Deep Belief Nets},
volume = {18},
year = {2006}
}

@book{goodfellow2016deep,
title={Deep learning},
author={Goodfellow, Ian and Bengio, Yoshua and Courville, Aaron and Bengio, Yoshua},
volume={1},
year={2016},
publisher={MIT Press}
}

@article{kaplan2020scaling,
  title={Scaling laws for neural language models},
  author={Kaplan, Jared and McCandlish, Sam and Henighan, Tom and Brown, Tom B and Chess, Benjamin and Child, Rewon and Gray, Scott and Radford, Alec and Wu, Jeffrey and Amodei, Dario},
  journal={arXiv preprint arXiv:2001.08361},
  year={2020}
}

@article{hoffmann2022training,
  title={Training compute-optimal large language models},
  author={Hoffmann, Jordan and Borgeaud, Sebastian and Mensch, Arthur and Buchatskaya, Elena and Cai, Trevor and Rutherford, Eliza and Casas, Diego de Las and Hendricks, Lisa Anne and Welbl, Johannes and Clark, Aidan and others},
  journal={arXiv preprint arXiv:2203.15556},
  year={2022}
}

@article{muennighoff2024scaling,
  title={Scaling data-constrained language models},
  author={Muennighoff, Niklas and Rush, Alexander and Barak, Boaz and Le Scao, Teven and Tazi, Nouamane and Piktus, Aleksandra and Pyysalo, Sampo and Wolf, Thomas and Raffel, Colin A},
  journal={Advances in Neural Information Processing Systems},
  volume={36},
  year={2024}
}

@article{sardana2023beyond,
  title={Beyond chinchilla-optimal: Accounting for inference in language model scaling laws},
  author={Sardana, Nikhil and Frankle, Jonathan},
  journal={arXiv preprint arXiv:2401.00448},
  year={2023}
}

@article{team2024gemma,
  title={Gemma 2: Improving open language models at a practical size},
  author={Team, Gemma and Riviere, Morgane and Pathak, Shreya and Sessa, Pier Giuseppe and Hardin, Cassidy and Bhupatiraju, Surya and Hussenot, L{\'e}onard and Mesnard, Thomas and Shahriari, Bobak and Ram{\'e}, Alexandre and others},
  journal={arXiv preprint arXiv:2408.00118},
  year={2024}
}


@article{wang2023bitnet,
  title={Bitnet: Scaling 1-bit transformers for large language models},
  author={Wang, Hongyu and Ma, Shuming and Dong, Li and Huang, Shaohan and Wang, Huaijie and Ma, Lingxiao and Yang, Fan and Wang, Ruiping and Wu, Yi and Wei, Furu},
  journal={arXiv preprint arXiv:2310.11453},
  year={2023}
}

@article{ma2024era,
  title={The era of 1-bit llms: All large language models are in 1.58 bits},
  author={Ma, Shuming and Wang, Hongyu and Ma, Lingxiao and Wang, Lei and Wang, Wenhui and Huang, Shaohan and Dong, Li and Wang, Ruiping and Xue, Jilong and Wei, Furu},
  journal={arXiv preprint arXiv:2402.17764},
  year={2024}
}

@article{zhu2024scalable,
  title={Scalable MatMul-free Language Modeling},
  author={Zhu, Rui-Jie and Zhang, Yu and Sifferman, Ethan and Sheaves, Tyler and Wang, Yiqiao and Richmond, Dustin and Zhou, Peng and Eshraghian, Jason K},
  journal={arXiv preprint arXiv:2406.02528},
  year={2024}
}

@article{michaud2024quantization,
  title={The quantization model of neural scaling},
  author={Michaud, Eric and Liu, Ziming and Girit, Uzay and Tegmark, Max},
  journal={Advances in Neural Information Processing Systems},
  volume={36},
  year={2024}
}

@article{bordelon2024dynamical,
  title={A dynamical model of neural scaling laws},
  author={Bordelon, Blake and Atanasov, Alexander and Pehlevan, Cengiz},
  journal={arXiv preprint arXiv:2402.01092},
  year={2024}
}

@article{bahri2024explaining,
  title={Explaining neural scaling laws},
  author={Bahri, Yasaman and Dyer, Ethan and Kaplan, Jared and Lee, Jaehoon and Sharma, Utkarsh},
  journal={Proceedings of the National Academy of Sciences},
  volume={121},
  number={27},
  pages={e2311878121},
  year={2024},
  publisher={National Academy of Sciences}
}

@article{dubey2024llama,
  title={The llama 3 herd of models},
  author={Dubey, Abhimanyu and Jauhri, Abhinav and Pandey, Abhinav and Kadian, Abhishek and Al-Dahle, Ahmad and Letman, Aiesha and Mathur, Akhil and Schelten, Alan and Yang, Amy and Fan, Angela and others},
  journal={arXiv preprint arXiv:2407.21783},
  year={2024}
}

@article{micikevicius2022fp8,
  title={Fp8 formats for deep learning},
  author={Micikevicius, Paulius and Stosic, Dusan and Burgess, Neil and Cornea, Marius and Dubey, Pradeep and Grisenthwaite, Richard and Ha, Sangwon and Heinecke, Alexander and Judd, Patrick and Kamalu, John and others},
  journal={arXiv preprint arXiv:2209.05433},
  year={2022}
}

@article{dettmers2022gpt3,
  title={Gpt3. int8 (): 8-bit matrix multiplication for transformers at scale},
  author={Dettmers, Tim and Lewis, Mike and Belkada, Younes and Zettlemoyer, Luke},
  journal={Advances in Neural Information Processing Systems},
  volume={35},
  pages={30318--30332},
  year={2022}
}

@article{frantar2022gptq,
  title={Gptq: Accurate post-training quantization for generative pre-trained transformers},
  author={Frantar, Elias and Ashkboos, Saleh and Hoefler, Torsten and Alistarh, Dan},
  journal={arXiv preprint arXiv:2210.17323},
  year={2022}
}

@article{lin2023awq,
  title={Awq: Activationaware weight quantization for llm compression and acceleration. arXiv},
    journal={MLSys 2024},
  author={Lin, Ji and Tang, Jiaming and Tang, Haotian and Yang, Shang and Dang, Xingyu and Han, Song},
  year={2023}
}

@inproceedings{xiao2023smoothquant,
  title={Smoothquant: Accurate and efficient post-training quantization for large language models},
  author={Xiao, Guangxuan and Lin, Ji and Seznec, Mickael and Wu, Hao and Demouth, Julien and Han, Song},
  booktitle={International Conference on Machine Learning},
  pages={38087--38099},
  year={2023},
  organization={PMLR}
}

@inproceedings{dettmers2023case,
  title={The case for 4-bit precision: k-bit inference scaling laws},
  author={Dettmers, Tim and Zettlemoyer, Luke},
  booktitle={International Conference on Machine Learning},
  pages={7750--7774},
  year={2023},
  organization={PMLR}
}

@article{allal2023santacoder,
  title={SantaCoder: don't reach for the stars!},
  author={Allal, Loubna Ben and Li, Raymond and Kocetkov, Denis and Mou, Chenghao and Akiki, Christopher and Ferrandis, Carlos Munoz and Muennighoff, Niklas and Mishra, Mayank and Gu, Alex and Dey, Manan and others},
  journal={arXiv preprint arXiv:2301.03988},
  year={2023}
}

@article{srivastava2022beyond,
  title={Beyond the imitation game: Quantifying and extrapolating the capabilities of language models},
  author={Srivastava, Aarohi and Rastogi, Abhinav and Rao, Abhishek and Shoeb, Abu Awal Md and Abid, Abubakar and Fisch, Adam and Brown, Adam R and Santoro, Adam and Gupta, Aditya and Garriga-Alonso, Adri{\`a} and others},
  journal={arXiv preprint arXiv:2206.04615},
  year={2022}
}

@article{roberts2019exploring,
  title={Exploring the limits of transfer learning with a unified text-to-text transformer},
  author={Roberts, Adam and Raffel, Colin and Lee, Katherine and Matena, Michael and Shazeer, Noam and Liu, Peter J and Narang, Sharan and Li, Wei and Zhou, Yanqi},
  journal={Google, Tech. Rep.},
  year={2019}
}

@article{scao2022language,
  title={What language model to train if you have one million gpu hours?},
  author={Scao, Teven Le and Wang, Thomas and Hesslow, Daniel and Saulnier, Lucile and Bekman, Stas and Bari, M Saiful and Biderman, Stella and Elsahar, Hady and Muennighoff, Niklas and Phang, Jason and others},
  journal={arXiv preprint arXiv:2210.15424},
  year={2022}
}

@article{groeneveld2024olmo,
  title={Olmo: Accelerating the science of language models},
  author={Groeneveld, Dirk and Beltagy, Iz and Walsh, Pete and Bhagia, Akshita and Kinney, Rodney and Tafjord, Oyvind and Jha, Ananya Harsh and Ivison, Hamish and Magnusson, Ian and Wang, Yizhong and others},
  journal={arXiv preprint arXiv:2402.00838},
  year={2024}
}

@article{shazeer2020glu,
  title={Glu variants improve transformer},
  author={Shazeer, Noam},
  journal={arXiv preprint arXiv:2002.05202},
  year={2020}
}

@article{su2021roformer,
  title={RoFormer: enhanced transformer with rotary position embedding. CoRR abs/2104.09864 (2021)},
  author={Su, Jianlin and Lu, Yu and Pan, Shengfeng and Wen, Bo and Liu, Yunfeng},
  journal={arXiv preprint arXiv:2104.09864},
  year={2021}
}

@article{yang2022tensor,
  title={Tensor programs v: Tuning large neural networks via zero-shot hyperparameter transfer},
  author={Yang, Greg and Hu, Edward J and Babuschkin, Igor and Sidor, Szymon and Liu, Xiaodong and Farhi, David and Ryder, Nick and Pachocki, Jakub and Chen, Weizhu and Gao, Jianfeng},
  journal={arXiv preprint arXiv:2203.03466},
  year={2022}
}


@article{gu2023mamba,
  title={Mamba: Linear-time sequence modeling with selective state spaces},
  author={Gu, Albert and Dao, Tri},
  journal={arXiv preprint arXiv:2312.00752},
  year={2023}
}

@article{gu2021efficiently,
  title={Efficiently modeling long sequences with structured state spaces},
  author={Gu, Albert and Goel, Karan and R{\'e}, Christopher},
  journal={arXiv preprint arXiv:2111.00396},
  year={2021}
}

@inproceedings{abdelkhalik2022demystifying,
  title={Demystifying the nvidia ampere architecture through microbenchmarking and instruction-level analysis},
  author={Abdelkhalik, Hamdy and Arafa, Yehia and Santhi, Nandakishore and Badawy, Abdel-Hameed A},
  booktitle={2022 IEEE High Performance Extreme Computing Conference (HPEC)},
  pages={1--8},
  year={2022},
  organization={IEEE}
}

@article{gadre2024language,
  title={Language models scale reliably with over-training and on downstream tasks},
  author={Gadre, Samir Yitzhak and Smyrnis, Georgios and Shankar, Vaishaal and Gururangan, Suchin and Wortsman, Mitchell and Shao, Rulin and Mercat, Jean and Fang, Alex and Li, Jeffrey and Keh, Sedrick and others},
  journal={arXiv preprint arXiv:2403.08540},
  year={2024}
}

@misc{brown2020languagemodelsfewshotlearners,
      title={Language Models are Few-Shot Learners}, 
      author={Tom B. Brown and Benjamin Mann and Nick Ryder and Melanie Subbiah and Jared Kaplan and Prafulla Dhariwal and Arvind Neelakantan and Pranav Shyam and Girish Sastry and Amanda Askell and Sandhini Agarwal and Ariel Herbert-Voss and Gretchen Krueger and Tom Henighan and Rewon Child and Aditya Ramesh and Daniel M. Ziegler and Jeffrey Wu and Clemens Winter and Christopher Hesse and Mark Chen and Eric Sigler and Mateusz Litwin and Scott Gray and Benjamin Chess and Jack Clark and Christopher Berner and Sam McCandlish and Alec Radford and Ilya Sutskever and Dario Amodei},
      year={2020},
      eprint={2005.14165},
      archivePrefix={arXiv},
      primaryClass={cs.CL},
      url={https://arxiv.org/abs/2005.14165}, 
}

@article{wilcox2019hierarchical,
  title={Hierarchical representation in neural language models: Suppression and recovery of expectations},
  author={Wilcox, Ethan},
  journal={arXiv preprint arXiv:1906.04068},
  year={2019}
}

@article{abbe2021staircase,
  title={The staircase property: How hierarchical structure can guide deep learning},
  author={Abbe, Emmanuel and Boix-Adsera, Enric and Brennan, Matthew S and Bresler, Guy and Nagaraj, Dheeraj},
  journal={Advances in Neural Information Processing Systems},
  volume={34},
  pages={26989--27002},
  year={2021}
}

@article{allen2023physics,
  title={Physics of language models: Part 1, learning hierarchical language structures},
  author={Allen-Zhu, Zeyuan and Li, Yuanzhi},
  journal={ArXiv e-prints, abs/2305.13673, May},
  year={2023}
}

@inproceedings{abbe2022merged,
  title={The merged-staircase property: a necessary and nearly sufficient condition for sgd learning of sparse functions on two-layer neural networks},
  author={Abbe, Emmanuel and Adsera, Enric Boix and Misiakiewicz, Theodor},
  booktitle={Conference on Learning Theory},
  pages={4782--4887},
  year={2022},
  organization={PMLR}
}

@article{dandi2024benefits,
  title={The benefits of reusing batches for gradient descent in two-layer networks: Breaking the curse of information and leap exponents},
  author={Dandi, Yatin and Troiani, Emanuele and Arnaboldi, Luca and Pesce, Luca and Zdeborov{\'a}, Lenka and Krzakala, Florent},
  journal={arXiv preprint arXiv:2402.03220},
  year={2024}
}

@article{rosenfeld2023outliers,
  title={Outliers with opposing signals have an outsized effect on neural network optimization},
  author={Rosenfeld, Elan and Risteski, Andrej},
  journal={arXiv preprint arXiv:2311.04163},
  year={2023}
}

@inproceedings{cohen2021gradient,
  title={Gradient descent on neural networks typically occurs at the edge of stability},
  author={Cohen, Jeremy and Kaur, Simran and Li, Yuanzhi and Kolter, J Zico and Talwalkar, Ameet},
  booktitle={International Conference on Learning Representations},
  year={2021}
}

@article{lin2024scaling,
  title={Scaling Laws in Linear Regression: Compute, Parameters, and Data},
  author={Lin, Licong and Wu, Jingfeng and Kakade, Sham M and Bartlett, Peter L and Lee, Jason D},
  journal={arXiv preprint arXiv:2406.08466},
  year={2024}
}

@article{gilmer2021loss,
  title={A loss curvature perspective on training instability in deep learning},
  author={Gilmer, Justin and Ghorbani, Behrooz and Garg, Ankush and Kudugunta, Sneha and Neyshabur, Behnam and Cardoze, David and Dahl, George and Nado, Zachary and Firat, Orhan},
  journal={arXiv preprint arXiv:2110.04369},
  year={2021}
}

@article{huang2024empirical,
  title={An Empirical Study of LLaMA3 Quantization: From LLMs to MLLMs},
  author={Huang, Wei and Zheng, Xingyu and Ma, Xudong and Qin, Haotong and Lv, Chengtao and Chen, Hong and Luo, Jie and Qi, Xiaojuan and Liu, Xianglong and Magno, Michele},
  journal={arXiv preprint arXiv:2404.14047},
  year={2024},
  url={https://doi.org/10.48550/arXiv.2404.14047},
  version={v2},
  note={Last revised: 19 Jul 2024}
}

@article{barak2022hidden,
  title={Hidden progress in deep learning: Sgd learns parities near the computational limit},
  author={Barak, Boaz and Edelman, Benjamin and Goel, Surbhi and Kakade, Sham and Malach, Eran and Zhang, Cyril},
  journal={Advances in Neural Information Processing Systems},
  volume={35},
  pages={21750--21764},
  year={2022}
}



@article{bordelon2023depthwise,
  title={Depthwise hyperparameter transfer in residual networks: Dynamics and scaling limit},
  author={Bordelon, Blake and Noci, Lorenzo and Li, Mufan Bill and Hanin, Boris and Pehlevan, Cengiz},
  journal={arXiv preprint arXiv:2309.16620},
  year={2023}
}

@article{wortsman2023small,
  title={Small-scale proxies for large-scale transformer training instabilities},
  author={Wortsman, Mitchell and Liu, Peter J and Xiao, Lechao and Everett, Katie and Alemi, Alex and Adlam, Ben and Co-Reyes, John D and Gur, Izzeddin and Kumar, Abhishek and Novak, Roman and others},
  journal={arXiv preprint arXiv:2309.14322},
  year={2023}
}

@article{atanasov2022onset,
  title={The onset of variance-limited behavior for networks in the lazy and rich regimes},
  author={Atanasov, Alexander and Bordelon, Blake and Sainathan, Sabarish and Pehlevan, Cengiz},
  journal={arXiv preprint arXiv:2212.12147},
  year={2022}
}

@inproceedings{nguyen2021tight,
  title={Tight bounds on the smallest eigenvalue of the neural tangent kernel for deep relu networks},
  author={Nguyen, Quynh and Mondelli, Marco and Montufar, Guido F},
  booktitle={International Conference on Machine Learning},
  pages={8119--8129},
  year={2021},
  organization={PMLR}
}

@article{soldaini2024dolma,
  title={Dolma: An open corpus of three trillion tokens for language model pretraining research},
  author={Soldaini, Luca and Kinney, Rodney and Bhagia, Akshita and Schwenk, Dustin and Atkinson, David and Authur, Russell and Bogin, Ben and Chandu, Khyathi and Dumas, Jennifer and Elazar, Yanai and others},
  journal={arXiv preprint arXiv:2402.00159},
  year={2024}
}

@article{yang2024synthetic,
  title={Synthetic continued pretraining},
  author={Yang, Zitong and Band, Neil and Li, Shuangping and Cand{\`e}s, Emmanuel and Hashimoto, Tatsunori},
  journal={arXiv preprint arXiv:2409.07431},
  year={2024}
}


@inproceedings{fan2024scaling,
  title={Scaling laws of synthetic images for model training... for now},
  author={Fan, Lijie and Chen, Kaifeng and Krishnan, Dilip and Katabi, Dina and Isola, Phillip and Tian, Yonglong},
  booktitle={Proceedings of the IEEE/CVF Conference on Computer Vision and Pattern Recognition},
  pages={7382--7392},
  year={2024}
}

@article{bauer2024comprehensive,
  title={Comprehensive exploration of synthetic data generation: A survey},
  author={Bauer, Andr{\'e} and Trapp, Simon and Stenger, Michael and Leppich, Robert and Kounev, Samuel and Leznik, Mark and Chard, Kyle and Foster, Ian},
  journal={arXiv preprint arXiv:2401.02524},
  year={2024}
}

@article{snell2024scaling,
  title={Scaling llm test-time compute optimally can be more effective than scaling model parameters},
  author={Snell, Charlie and Lee, Jaehoon and Xu, Kelvin and Kumar, Aviral},
  journal={arXiv preprint arXiv:2408.03314},
  year={2024}
}

@article{brown2024large,
  title={Large language monkeys: Scaling inference compute with repeated sampling},
  author={Brown, Bradley and Juravsky, Jordan and Ehrlich, Ryan and Clark, Ronald and Le, Quoc V and R{\'e}, Christopher and Mirhoseini, Azalia},
  journal={arXiv preprint arXiv:2407.21787},
  year={2024}
}

@article{huang2024billm,
  title={Billm: Pushing the limit of post-training quantization for llms},
  author={Huang, Wei and Liu, Yangdong and Qin, Haotong and Li, Ying and Zhang, Shiming and Liu, Xianglong and Magno, Michele and Qi, Xiaojuan},
  journal={arXiv preprint arXiv:2402.04291},
  year={2024}
}

@article{chee2024quip,
  title={Quip: 2-bit quantization of large language models with guarantees},
  author={Chee, Jerry and Cai, Yaohui and Kuleshov, Volodymyr and De Sa, Christopher M},
  journal={Advances in Neural Information Processing Systems},
  volume={36},
  year={2024}
}

@article{besiroglu2024chinchilla,
  title={Chinchilla Scaling: A replication attempt},
  author={Besiroglu, Tamay and Erdil, Ege and Barnett, Matthew and You, Josh},
  journal={arXiv preprint arXiv:2404.10102},
  year={2024}
}

@article{van2023fp8,
  title={FP8 versus INT8 for efficient deep learning inference},
  author={van Baalen, Mart and Kuzmin, Andrey and Nair, Suparna S and Ren, Yuwei and Mahurin, Eric and Patel, Chirag and Subramanian, Sundar and Lee, Sanghyuk and Nagel, Markus and Soriaga, Joseph and others},
  journal={arXiv preprint arXiv:2303.17951},
  year={2023}
}

@article{ahmadian2023intriguing,
  title={Intriguing properties of quantization at scale},
  author={Ahmadian, Arash and Dash, Saurabh and Chen, Hongyu and Venkitesh, Bharat and Gou, Zhen Stephen and Blunsom, Phil and {\"U}st{\"u}n, Ahmet and Hooker, Sara},
  journal={Advances in Neural Information Processing Systems},
  volume={36},
  pages={34278--34294},
  year={2023}
}

@article{ruan2024observational,
  title={Observational Scaling Laws and the Predictability of Language Model Performance},
  author={Ruan, Yangjun and Maddison, Chris J and Hashimoto, Tatsunori},
  journal={arXiv preprint arXiv:2405.10938},
  year={2024}
}

@article{hagele2024scaling,
  title={Scaling Laws and Compute-Optimal Training Beyond Fixed Training Durations},
  author={H{\"a}gele, Alexander and Bakouch, Elie and Kosson, Atli and Allal, Loubna Ben and Von Werra, Leandro and Jaggi, Martin},
  journal={arXiv preprint arXiv:2405.18392},
  year={2024}
}

@article{krajewski2024scaling,
  title={Scaling laws for fine-grained mixture of experts},
  author={Krajewski, Jakub and Ludziejewski, Jan and Adamczewski, Kamil and Pi{\'o}ro, Maciej and Krutul, Micha{\l} and Antoniak, Szymon and Ciebiera, Kamil and Kr{\'o}l, Krystian and Odrzyg{\'o}{\'z}d{\'z}, Tomasz and Sankowski, Piotr and others},
  journal={arXiv preprint arXiv:2402.07871},
  year={2024}
}

@article{muennighoff2022crosslingual,
  title={Crosslingual generalization through multitask finetuning},
  author={Muennighoff, Niklas and Wang, Thomas and Sutawika, Lintang and Roberts, Adam and Biderman, Stella and Scao, Teven Le and Bari, M Saiful and Shen, Sheng and Yong, Zheng-Xin and Schoelkopf, Hailey and others},
  journal={arXiv preprint arXiv:2211.01786},
  year={2022}
}

@article{li2024datacomp,
  title={DataComp-LM: In search of the next generation of training sets for language models},
  author={Li, Jeffrey and Fang, Alex and Smyrnis, Georgios and Ivgi, Maor and Jordan, Matt and Gadre, Samir and Bansal, Hritik and Guha, Etash and Keh, Sedrick and Arora, Kushal and others},
  journal={arXiv preprint arXiv:2406.11794},
  year={2024}
}

@article{tao2024scaling,
  title={Scaling Laws with Vocabulary: Larger Models Deserve Larger Vocabularies},
  author={Tao, Chaofan and Liu, Qian and Dou, Longxu and Muennighoff, Niklas and Wan, Zhongwei and Luo, Ping and Lin, Min and Wong, Ngai},
  journal={arXiv preprint arXiv:2407.13623},
  year={2024}
}

@article{rae2021scaling,
  title={Scaling language models: Methods, analysis \& insights from training gopher},
  author={Rae, Jack W and Borgeaud, Sebastian and Cai, Trevor and Millican, Katie and Hoffmann, Jordan and Song, Francis and Aslanides, John and Henderson, Sarah and Ring, Roman and Young, Susannah and others},
  journal={arXiv preprint arXiv:2112.11446},
  year={2021}
}

@article{ustun2024aya,
  title={Aya model: An instruction finetuned open-access multilingual language model},
  author={{\"U}st{\"u}n, Ahmet and Aryabumi, Viraat and Yong, Zheng-Xin and Ko, Wei-Yin and D'souza, Daniel and Onilude, Gbemileke and Bhandari, Neel and Singh, Shivalika and Ooi, Hui-Lee and Kayid, Amr and others},
  journal={arXiv preprint arXiv:2402.07827},
  year={2024}
}

@article{courbariaux2014training,
  title={Training deep neural networks with low precision multiplications},
  author={Courbariaux, Matthieu and Bengio, Yoshua and David, Jean-Pierre},
  journal={arXiv preprint arXiv:1412.7024},
  year={2014}
}

@article{sun2020ultra,
  title={Ultra-low precision 4-bit training of deep neural networks},
  author={Sun, Xiao and Wang, Naigang and Chen, Chia-Yu and Ni, Jiamin and Agrawal, Ankur and Cui, Xiaodong and Venkataramani, Swagath and El Maghraoui, Kaoutar and Srinivasan, Vijayalakshmi Viji and Gopalakrishnan, Kailash},
  journal={Advances in Neural Information Processing Systems},
  volume={33},
  pages={1796--1807},
  year={2020}
}

@article{zhu2023survey,
  title={A survey on model compression for large language models},
  author={Zhu, Xunyu and Li, Jian and Liu, Yong and Ma, Can and Wang, Weiping},
  journal={arXiv preprint arXiv:2308.07633},
  year={2023}
}

@article{muennighoff2024olmoe,
  title={OLMoE: Open Mixture-of-Experts Language Models},
  author={Muennighoff, Niklas and Soldaini, Luca and Groeneveld, Dirk and Lo, Kyle and Morrison, Jacob and Min, Sewon and Shi, Weijia and Walsh, Pete and Tafjord, Oyvind and Lambert, Nathan and others},
  journal={arXiv preprint arXiv:2409.02060},
  year={2024}
}

@article{dettmers2023spqr,
  title={Spqr: A sparse-quantized representation for near-lossless llm weight compression},
  author={Dettmers, Tim and Svirschevski, Ruslan and Egiazarian, Vage and Kuznedelev, Denis and Frantar, Elias and Ashkboos, Saleh and Borzunov, Alexander and Hoefler, Torsten and Alistarh, Dan},
  journal={arXiv preprint arXiv:2306.03078},
  year={2023}
}

@article{liu2024regmix,
  title={Regmix: Data mixture as regression for language model pre-training},
  author={Liu, Qian and Zheng, Xiaosen and Muennighoff, Niklas and Zeng, Guangtao and Dou, Longxu and Pang, Tianyu and Jiang, Jing and Lin, Min},
  journal={arXiv preprint arXiv:2407.01492},
  year={2024}
}

@article{liu2023llm,
  title={Llm-qat: Data-free quantization aware training for large language models},
  author={Liu, Zechun and Oguz, Barlas and Zhao, Changsheng and Chang, Ernie and Stock, Pierre and Mehdad, Yashar and Shi, Yangyang and Krishnamoorthi, Raghuraman and Chandra, Vikas},
  journal={arXiv preprint arXiv:2305.17888},
  year={2023}
}

@inproceedings{sheng2023flexgen,
  title={Flexgen: High-throughput generative inference of large language models with a single gpu},
  author={Sheng, Ying and Zheng, Lianmin and Yuan, Binhang and Li, Zhuohan and Ryabinin, Max and Chen, Beidi and Liang, Percy and R{\'e}, Christopher and Stoica, Ion and Zhang, Ce},
  booktitle={International Conference on Machine Learning},
  pages={31094--31116},
  year={2023},
  organization={PMLR}
}

@article{albalak2024survey,
  title={A survey on data selection for language models},
  author={Albalak, Alon and Elazar, Yanai and Xie, Sang Michael and Longpre, Shayne and Lambert, Nathan and Wang, Xinyi and Muennighoff, Niklas and Hou, Bairu and Pan, Liangming and Jeong, Haewon and others},
  journal={arXiv preprint arXiv:2402.16827},
  year={2024}
}


@article{luukkonen2023fingpt,
  title={Fingpt: Large generative models for a small language},
  author={Luukkonen, Risto and Komulainen, Ville and Luoma, Jouni and Eskelinen, Anni and Kanerva, Jenna and Kupari, Hanna-Mari and Ginter, Filip and Laippala, Veronika and Muennighoff, Niklas and Piktus, Aleksandra and others},
  journal={arXiv preprint arXiv:2311.05640},
  year={2023}
}

@article{peng2024eagle,
  title={Eagle and finch: Rwkv with matrix-valued states and dynamic recurrence},
  author={Peng, Bo and Goldstein, Daniel and Anthony, Quentin and Albalak, Alon and Alcaide, Eric and Biderman, Stella and Cheah, Eugene and Ferdinan, Teddy and Hou, Haowen and Kazienko, Przemys{\l}aw and others},
  journal={arXiv preprint arXiv:2404.05892},
  year={2024}
}

@article{lin2024awq,
  title={AWQ: Activation-aware Weight Quantization for On-Device LLM Compression and Acceleration},
  author={Lin, Ji and Tang, Jiaming and Tang, Haotian and Yang, Shang and Chen, Wei-Ming and Wang, Wei-Chen and Xiao, Guangxuan and Dang, Xingyu and Gan, Chuang and Han, Song},
  journal={Proceedings of Machine Learning and Systems},
  volume={6},
  pages={87--100},
  year={2024}
}

@article{tay2022transcending,
  title={Transcending scaling laws with 0.1\% extra compute},
  author={Tay, Yi and Wei, Jason and Chung, Hyung Won and Tran, Vinh Q and So, David R and Shakeri, Siamak and Garcia, Xavier and Zheng, Huaixiu Steven and Rao, Jinfeng and Chowdhery, Aakanksha and others},
  journal={arXiv preprint arXiv:2210.11399},
  year={2022}
}

@article{isik2024scaling,
  title={Scaling laws for downstream task performance of large language models},
  author={Isik, Berivan and Ponomareva, Natalia and Hazimeh, Hussein and Paparas, Dimitris and Vassilvitskii, Sergei and Koyejo, Sanmi},
  journal={arXiv preprint arXiv:2402.04177},
  year={2024}
}

@inproceedings{aghajanyan2023scaling,
  title={Scaling laws for generative mixed-modal language models},
  author={Aghajanyan, Armen and Yu, Lili and Conneau, Alexis and Hsu, Wei-Ning and Hambardzumyan, Karen and Zhang, Susan and Roller, Stephen and Goyal, Naman and Levy, Omer and Zettlemoyer, Luke},
  booktitle={International Conference on Machine Learning},
  pages={265--279},
  year={2023},
  organization={PMLR}
}

@inproceedings{cherti2023reproducible,
  title={Reproducible scaling laws for contrastive language-image learning},
  author={Cherti, Mehdi and Beaumont, Romain and Wightman, Ross and Wortsman, Mitchell and Ilharco, Gabriel and Gordon, Cade and Schuhmann, Christoph and Schmidt, Ludwig and Jitsev, Jenia},
  booktitle={Proceedings of the IEEE/CVF Conference on Computer Vision and Pattern Recognition},
  pages={2818--2829},
  year={2023}
}

@article{alabdulmohsin2022revisiting,
  title={Revisiting neural scaling laws in language and vision},
  author={Alabdulmohsin, Ibrahim M and Neyshabur, Behnam and Zhai, Xiaohua},
  journal={Advances in Neural Information Processing Systems},
  volume={35},
  pages={22300--22312},
  year={2022}
}

@inproceedings{clark2022unified,
  title={Unified scaling laws for routed language models},
  author={Clark, Aidan and de Las Casas, Diego and Guy, Aurelia and Mensch, Arthur and Paganini, Michela and Hoffmann, Jordan and Damoc, Bogdan and Hechtman, Blake and Cai, Trevor and Borgeaud, Sebastian and others},
  booktitle={International conference on machine learning},
  pages={4057--4086},
  year={2022},
  organization={PMLR}
}

@article{micikevicius2017mixed,
  title={Mixed precision training},
  author={Micikevicius, Paulius and Narang, Sharan and Alben, Jonah and Diamos, Gregory and Elsen, Erich and Garcia, David and Ginsburg, Boris and Houston, Michael and Kuchaiev, Oleksii and Venkatesh, Ganesh and others},
  journal={arXiv preprint arXiv:1710.03740},
  year={2017}
}

@article{deitke2024molmo,
  title={Molmo and PixMo: Open Weights and Open Data for State-of-the-Art Multimodal Models},
  author={Deitke, Matt and Clark, Christopher and Lee, Sangho and Tripathi, Rohun and Yang, Yue and Park, Jae Sung and Salehi, Mohammadreza and Muennighoff, Niklas and Lo, Kyle and Soldaini, Luca and others},
  journal={arXiv preprint arXiv:2409.17146},
  year={2024}
}

@article{dettmers20218,
  title={8-bit optimizers via block-wise quantization},
  author={Dettmers, Tim and Lewis, Mike and Shleifer, Sam and Zettlemoyer, Luke},
  journal={arXiv preprint arXiv:2110.02861},
  year={2021}
}


@article{dettmers2024qlora,
  title={Qlora: Efficient finetuning of quantized llms},
  author={Dettmers, Tim and Pagnoni, Artidoro and Holtzman, Ari and Zettlemoyer, Luke},
  journal={Advances in Neural Information Processing Systems},
  volume={36},
  year={2024}
}

@article{wei2022emergent,
  title={Emergent abilities of large language models},
  author={Wei, Jason and Tay, Yi and Bommasani, Rishi and Raffel, Colin and Zoph, Barret and Borgeaud, Sebastian and Yogatama, Dani and Bosma, Maarten and Zhou, Denny and Metzler, Donald and others},
  journal={arXiv preprint arXiv:2206.07682},
  year={2022}
}

@article{shoeybi2019megatron,
  title={Megatron-lm: Training multi-billion parameter language models using model parallelism},
  author={Shoeybi, Mohammad and Patwary, Mostofa and Puri, Raul and LeGresley, Patrick and Casper, Jared and Catanzaro, Bryan},
  journal={arXiv preprint arXiv:1909.08053},
  year={2019}
}

@article{wortsman2023stable,
  title={Stable and low-precision training for large-scale vision-language models},
  author={Wortsman, Mitchell and Dettmers, Tim and Zettlemoyer, Luke and Morcos, Ari and Farhadi, Ali and Schmidt, Ludwig},
  journal={Advances in Neural Information Processing Systems},
  volume={36},
  pages={10271--10298},
  year={2023}
}

@article{tay2022scaling,
  title={Scaling laws vs model architectures: How does inductive bias influence scaling?},
  author={Tay, Yi and Dehghani, Mostafa and Abnar, Samira and Chung, Hyung Won and Fedus, William and Rao, Jinfeng and Narang, Sharan and Tran, Vinh Q and Yogatama, Dani and Metzler, Donald},
  journal={arXiv preprint arXiv:2207.10551},
  year={2022}
}

@article{team2023gemini,
  title={Gemini: a family of highly capable multimodal models},
  author={Team, Gemini and Anil, Rohan and Borgeaud, Sebastian and Wu, Yonghui and Alayrac, Jean-Baptiste and Yu, Jiahui and Soricut, Radu and Schalkwyk, Johan and Dai, Andrew M and Hauth, Anja and others},
  journal={arXiv preprint arXiv:2312.11805},
  year={2023}
}

@article{chowdhery2023palm,
  title={Palm: Scaling language modeling with pathways},
  author={Chowdhery, Aakanksha and Narang, Sharan and Devlin, Jacob and Bosma, Maarten and Mishra, Gaurav and Roberts, Adam and Barham, Paul and Chung, Hyung Won and Sutton, Charles and Gehrmann, Sebastian and others},
  journal={Journal of Machine Learning Research},
  volume={24},
  number={240},
  pages={1--113},
  year={2023}
}

@article{bai2023qwen,
  title={Qwen technical report},
  author={Bai, Jinze and Bai, Shuai and Chu, Yunfei and Cui, Zeyu and Dang, Kai and Deng, Xiaodong and Fan, Yang and Ge, Wenbin and Han, Yu and Huang, Fei and others},
  journal={arXiv preprint arXiv:2309.16609},
  year={2023}
}

@article{lozhkov2024starcoder,
  title={Starcoder 2 and the stack v2: The next generation},
  author={Lozhkov, Anton and Li, Raymond and Allal, Loubna Ben and Cassano, Federico and Lamy-Poirier, Joel and Tazi, Nouamane and Tang, Ao and Pykhtar, Dmytro and Liu, Jiawei and Wei, Yuxiang and others},
  journal={arXiv preprint arXiv:2402.19173},
  year={2024}
}

@article{li2023starcoder,
  title={Starcoder: may the source be with you!},
  author={Li, Raymond and Allal, Loubna Ben and Zi, Yangtian and Muennighoff, Niklas and Kocetkov, Denis and Mou, Chenghao and Marone, Marc and Akiki, Christopher and Li, Jia and Chim, Jenny and others},
  journal={arXiv preprint arXiv:2305.06161},
  year={2023}
}

@article{zhang2022opt,
  title={Opt: Open pre-trained transformer language models},
  author={Zhang, Susan and Roller, Stephen and Goyal, Naman and Artetxe, Mikel and Chen, Moya and Chen, Shuohui and Dewan, Christopher and Diab, Mona and Li, Xian and Lin, Xi Victoria and others},
  journal={arXiv preprint arXiv:2205.01068},
  year={2022}
}

@article{vaswani2017attention,
  title={Attention Is All You Need.(Nips), 2017},
  author={Vaswani, Ashish and Shazeer, Noam and Parmar, Niki and Uszkoreit, Jakob and Jones, Llion and Gomez, Aidan N and Kaiser, Lukasz and Polosukhin, Illia},
  journal={arXiv preprint arXiv:1706.03762},
  volume={10},
  pages={S0140525X16001837},
  year={2017}
}

@article{jiang2023mistral,
  title={Mistral 7B},
  author={Jiang, Albert Q and Sablayrolles, Alexandre and Mensch, Arthur and Bamford, Chris and Chaplot, Devendra Singh and Casas, Diego de las and Bressand, Florian and Lengyel, Gianna and Lample, Guillaume and Saulnier, Lucile and others},
  journal={arXiv preprint arXiv:2310.06825},
  year={2023}
}

@article{le2023bloom,
  title={Bloom: A 176b-parameter open-access multilingual language model},
  author={Le Scao, Teven and Fan, Angela and Akiki, Christopher and Pavlick, Ellie and Ili{\'c}, Suzana and Hesslow, Daniel and Castagn{\'e}, Roman and Luccioni, Alexandra Sasha and Yvon, Fran{\c{c}}ois and Gall{\'e}, Matthias and others},
  year={2023}
}

@article{dodge2021documenting,
  title={Documenting large webtext corpora: A case study on the colossal clean crawled corpus},
  author={Dodge, Jesse and Sap, Maarten and Marasovi{\'c}, Ana and Agnew, William and Ilharco, Gabriel and Groeneveld, Dirk and Mitchell, Margaret and Gardner, Matt},
  journal={arXiv preprint arXiv:2104.08758},
  year={2021}
}

@article{raffel2020exploring,
  title={Exploring the limits of transfer learning with a unified text-to-text transformer},
  author={Raffel, Colin and Shazeer, Noam and Roberts, Adam and Lee, Katherine and Narang, Sharan and Matena, Michael and Zhou, Yanqi and Li, Wei and Liu, Peter J},
  journal={Journal of machine learning research},
  volume={21},
  number={140},
  pages={1--67},
  year={2020}
}

@article{touvron2023llama2,
  title={Llama 2: Open foundation and fine-tuned chat models},
  author={Touvron, Hugo and Martin, Louis and Stone, Kevin and Albert, Peter and Almahairi, Amjad and Babaei, Yasmine and Bashlykov, Nikolay and Batra, Soumya and Bhargava, Prajjwal and Bhosale, Shruti and others},
  journal={arXiv preprint arXiv:2307.09288},
  year={2023}
}

@article{touvron2023llama,
  title={Llama: Open and efficient foundation language models},
  author={Touvron, Hugo and Lavril, Thibaut and Izacard, Gautier and Martinet, Xavier and Lachaux, Marie-Anne and Lacroix, Timoth{\'e}e and Rozi{\`e}re, Baptiste and Goyal, Naman and Hambro, Eric and Azhar, Faisal and others},
  journal={arXiv preprint arXiv:2302.13971},
  year={2023}
}

@article{allen2024physics,
  title={Physics of language models: Part 3.3, knowledge capacity scaling laws},
  author={Allen-Zhu, Zeyuan and Li, Yuanzhi},
  journal={arXiv preprint arXiv:2404.05405},
  year={2024}
}

@article{frantar2023scaling,
  title={Scaling laws for sparsely-connected foundation models},
  author={Frantar, Elias and Riquelme, Carlos and Houlsby, Neil and Alistarh, Dan and Evci, Utku},
  journal={arXiv preprint arXiv:2309.08520},
  year={2023}
}

@article{wu2020integer,
  title={Integer quantization for deep learning inference: Principles and empirical evaluation},
  author={Wu, Hao and Judd, Patrick and Zhang, Xiaojie and Isaev, Mikhail and Micikevicius, Paulius},
  journal={arXiv preprint arXiv:2004.09602},
  year={2020}
}

@inproceedings{jacob2018quantization,
  title={Quantization and training of neural networks for efficient integer-arithmetic-only inference},
  author={Jacob, Benoit and Kligys, Skirmantas and Chen, Bo and Zhu, Menglong and Tang, Matthew and Howard, Andrew and Adam, Hartwig and Kalenichenko, Dmitry},
  booktitle={Proceedings of the IEEE conference on computer vision and pattern recognition},
  pages={2704--2713},
  year={2018}
}

@misc{Keller2018,
  author = {Jordan Keller},
  title = {Tweet},
  howpublished = {\url{https://twitter.com/kellerjordan0/status/1837874116533407990}},
  year = {2018},
  note = {Accessed: 2024-11-29}
}
