
@inproceedings{song2021scorebased,
title={Score-Based Generative Modeling through Stochastic Differential Equations},
author={Yang Song and Jascha Sohl-Dickstein and Diederik P Kingma and Abhishek Kumar and Stefano Ermon and Ben Poole},
booktitle={International Conference on Learning Representations},
year={2021},
}


@article{song2019generative,
  title={Generative modeling by estimating gradients of the data distribution},
  author={Song, Yang and Ermon, Stefano},
  journal={Advances in Neural Information Processing Systems},
  year={2019}
}

@article{anderson1982reverse,
  title={Reverse-time diffusion equation models},
  author={Anderson, Brian DO},
  journal={Stochastic Processes and their Applications},
  volume={12},
  number={3},
  pages={313--326},
  year={1982},
  publisher={Elsevier}
}


@article{song2020denoising,
  title={Denoising diffusion implicit models},
  author={Song, Jiaming and Meng, Chenlin and Ermon, Stefano},
  journal={arXiv preprint arXiv:2010.02502},
  year={2020}
}



@inproceedings{sohl2015deep,
  title={Deep unsupervised learning using nonequilibrium thermodynamics},
  author={Sohl-Dickstein, Jascha and Weiss, Eric and Maheswaranathan, Niru and Ganguli, Surya},
  booktitle={International Conference on Machine Learning},
  year={2015}
}

@article{ho2020denoising,
  title={Denoising diffusion probabilistic models},
  author={Ho, Jonathan and Jain, Ajay and Abbeel, Pieter},
  journal={Advances in Neural Information Processing Systems},
  year={2020}
}



@article{chen2020wavegrad,
  title={WaveGrad: Estimating gradients for waveform generation},
  author={Chen, Nanxin and Zhang, Yu and Zen, Heiga and Weiss, Ron J and Norouzi, Mohammad and Chan, William},
  journal={arXiv preprint arXiv:2009.00713},
  year={2020}
}

@article{kong2020diffwave,
  title={Diffwave: A versatile diffusion model for audio synthesis},
  author={Kong, Zhifeng and Ping, Wei and Huang, Jiaji and Zhao, Kexin and Catanzaro, Bryan},
  journal={arXiv preprint arXiv:2009.09761},
  year={2020}
}

@book{strogatz1994nonlinear,
  title={Nonlinear dynamics and chaos with student solutions manual: With applications to physics, biology, chemistry, and engineering},
  author={Strogatz, Steven H},
  year={2018},
  publisher={CRC press}
}

@article{lucic2018gans,
  title={Are GANs created equal? A large-scale study},
  author={Lucic, Mario and Kurach, Karol and Michalski, Marcin and Gelly, Sylvain and Bousquet, Olivier},
  journal={Advances in Neural Information Processing Systems},
  year={2018}
}


@article{salimans2016improved,
  title={Improved techniques for training GANs},
  author={Salimans, Tim and Goodfellow, Ian and Zaremba, Wojciech and Cheung, Vicki and Radford, Alec and Chen, Xi},
  journal={Advances in Neural Information Processing Systems},
  year={2016}
}


@article{vincent2011connection,
  title={A connection between score matching and denoising autoencoders},
  author={Vincent, Pascal},
  journal={Neural Computation},
  volume={23},
  number={7},
  pages={1661--1674},
  year={2011},
  publisher={MIT Press}
}

@book{stanley1971phase,
  title={Phase transitions and critical phenomena},
  author={Stanley, H Eugene},
  volume={7},
  year={1971},
  publisher={Clarendon Press, Oxford}
}

@book{donoghue2014dynamics,
  title={Dynamics of the standard model},
  author={Donoghue, John F and Golowich, Eugene and Holstein, Barry R},
  year={2014},
  publisher={Cambridge university press}
}

@article{nambu1961dynamical,
  title={Dynamical model of elementary particles based on an analogy with superconductivity. I},
  author={Nambu, Yoichiro and Jona-Lasinio, Giovanni},
  journal={Physical review},
  volume={122},
  number={1},
  pages={345},
  year={1961},
  publisher={APS}
}

@article{anderson1963plasmons,
  title={Plasmons, gauge invariance, and mass},
  author={Anderson, Philip W},
  journal={Physical Review},
  volume={130},
  number={1},
  pages={439},
  year={1963},
  publisher={APS}
}

@article{PhysRevLett.13.321,
  title = {Broken Symmetry and the Mass of Gauge Vector Mesons},
  author = {Englert, F. and Brout, R.},
  journal = {Physical Review Letters},
  volume = {13},
  issue = {9},
  pages = {321--323},
  year = {1964},
  publisher = {American Physical Society}
}

@article{PhysRevLett.13.508,
  title = {Broken Symmetries and the Masses of Gauge Bosons},
  author = {Higgs, Peter W.},
  journal = {Physical Review Letters},
  volume = {13},
  issue = {16},
  pages = {508--509},
  year = {1964},
  publisher = {American Physical Society},
}

@article{castellani2003meaning,
  title={On the meaning of symmetry breaking},
  author={Castellani, Elena},
  journal={Symmetries in Physics: Philosophical Reflections},
  pages={321--334},
  year={2003},
  publisher={Cambridge University Press Cambridge}
}

@article{DBLP:journals/corr/HeuselRUNKH17,
  title={Gans trained by a two time-scale update rule converge to a local nash equilibrium},
  author={Heusel, Martin and Ramsauer, Hubert and Unterthiner, Thomas and Nessler, Bernhard and Hochreiter, Sepp},
  journal={Advances in Neural Information Processing Systems},
  year={2017}
}



@article{liu2022pseudo,
  title={Pseudo numerical methods for diffusion models on manifolds},
  author={Liu, Luping and Ren, Yi and Lin, Zhijie and Zhao, Zhou},
  journal={arXiv preprint arXiv:2202.09778},
  year={2022}
}


@article{berner2022optimal,
      title={An optimal control perspective on diffusion-based generative modeling}, 
      author={Julius Berner and Lorenz Richter and Karen Ullrich},
      year={2022},
      journal={arXiv preprint arXiv:2211.01364}
}



@article{huang2021variational,
  title={A variational perspective on diffusion-based generative models and score matching},
  author={Huang, Chin-Wei and Lim, Jae Hyun and Courville, Aaron C},
  journal={Advances in Neural Information Processing Systems},
  year={2021}
}



@article{alias2017variational,
  title={Variational walkback: Learning a transition operator as a stochastic recurrent net},
  author={Anirudh Goyal and Ke, Nan Rosemary and Ganguli, Surya and Bengio, Yoshua},
  journal={Advances in Neural Information Processing Systems},
  year={2017}
}



@inproceedings{welling2011bayesian,
  title={Bayesian learning via stochastic gradient Langevin dynamics},
  author={Welling, Max and Teh, Yee W},
  booktitle={International Conference on Machine Learning},
  year={2011}
}


@article{liu2023audioldm,
  title={Audioldm: Text-to-audio generation with latent diffusion models},
  author={Liu, Haohe and Chen, Zehua and Yuan, Yi and Mei, Xinhao and Liu, Xubo and Mandic, Danilo and Wang, Wenwu and Plumbley, Mark D},
  journal={arXiv preprint arXiv:2301.12503},
  year={2023}
}


@article{JMLR:v6:hyvarinen05a,
  author  = {Aapo Hyv{{\"a}}rinen},
  title   = {Estimation of Non-Normalized Statistical Models by Score Matching},
  journal = {Journal of Machine Learning Research},
  year    = {2005},
  volume  = {6},
  number  = {24},
  pages   = {695--709}
}



@Article{e19120647,
AUTHOR = {Sachs, Matthias and Leimkuhler, Benedict and Danos, Vincent},
TITLE = {Langevin Dynamics with Variable Coefficients and Nonconservative Forces: From Stationary States to Numerical Methods},
JOURNAL = {Entropy},
VOLUME = {19},
YEAR = {2017},
}


@article{grenander1994representations,
  title={Representations of knowledge in complex systems},
  author={Grenander, Ulf and Miller, Michael I},
  journal={Journal of the Royal Statistical Society: Series B (Methodological)},
  volume={56},
  number={4},
  pages={549--581},
  year={1994},
}


@article{roberts1996exponential,
  title={Exponential convergence of Langevin distributions and their discrete approximations},
  author={Roberts, Gareth O and Tweedie, Richard L},
  journal={Bernoulli},
  pages={341--363},
  year={1996},
}

@article{PhysRevResearch.4.043125,
  title = {Unified theory of thermodynamics and stochastic thermodynamics for nonlinear Langevin systems driven by non-conservative forces},
  author = {Ding, Mingnan and Liu, Fei and Xing, Xiangjun},
  journal = {Physical Review Research},
  volume = {4},
  issue = {4},
  pages = {043125},
  year = {2022},
}



@book{pavliotis2014stochastic,
  title={Stochastic processes and applications: diffusion processes, the Fokker-Planck and Langevin equations},
  author={Pavliotis, Grigorios A},
  volume={60},
  year={2014},
  publisher={Springer}
}


@article{neal2011mcmc,
  title={MCMC Using Hamiltonian Dynamics},
  author={Neal, Radford},
  journal={Handbook of Markov Chain Monte Carlo},
  pages={113--162},
  year={2011}
}


@article{kappen2005path,
  title={Path integrals and symmetry breaking for optimal control theory},
  author={Kappen, Hilbert J},
  journal={Journal of Statistical Mechanics: Theory and Experiment},
  volume={2005},
  number={11},
  pages={P11011},
  year={2005},
}

@article{PhysRevLett.125.121601,
  title = {Equivariant Flow-Based Sampling for Lattice Gauge Theory},
  author = {Kanwar, Gurtej and Albergo, Michael S. and Boyda, Denis and Cranmer, Kyle and Hackett, Daniel C. and Racani\`ere, S\'ebastien and Rezende, Danilo Jimenez and Shanahan, Phiala E.},
  journal = {Physical Review Letters},
  volume = {125},
  issue = {12},
  pages = {121601},
  year = {2020},
}

 
@article{gross1996role,
  title={The role of symmetry in fundamental physics},
  author={Gross, David J},
  journal={Proceedings of the National Academy of Sciences},
  volume={93},
  number={25},
  pages={14256--14259},
  year={1996},
}


@inproceedings{satorras2021n,
  title={E (n) equivariant graph neural networks},
  author={Satorras, V{\i}ctor Garcia and Hoogeboom, Emiel and Welling, Max},
  booktitle={International Conference on Machine Learning},
  pages={9323--9332},
  year={2021},
}


@article{PhysRevD.103.074504,
  title = {Sampling using $\mathrm{SU}(N)$ gauge equivariant flows},
  author = {Boyda, Denis and Kanwar, Gurtej and Racani\`ere, S\'ebastien and Rezende, Danilo Jimenez and Albergo, Michael S. and Cranmer, Kyle and Hackett, Daniel C. and Shanahan, Phiala E.},
  journal = {Physical Review D},
  volume = {103},
  issue = {7},
  pages = {074504},
  year = {2021},
}


@article{kohler2020equivariant,
  title={Equivariant flows: exact likelihood generative learning for symmetric densities},
  author={K{\"o}hler, Jonas and Klein, Leon and No{\'e}, Frank},
  journal={International Conference on Machine Learning},
  year={2020},
}


@article{ho2022video,
  title={Video diffusion models},
  author={Ho, Jonathan and Salimans, Tim and Gritsenko, Alexey and Chan, William and Norouzi, Mohammad and Fleet, David J},
  journal={arXiv preprint arXiv:2204.03458},
  year={2022}
}

@article{singer2022make,
  title={Make-a-video: Text-to-video generation without text-video data},
  author={Singer, Uriel and Polyak, Adam and Hayes, Thomas and Yin, Xi and An, Jie and Zhang, Songyang and Hu, Qiyuan and Yang, Harry and Ashual, Oron and Gafni, Oran and others},
  journal={arXiv preprint arXiv:2209.14792},
  year={2022}
}


@inproceedings{thanh2020catastrophic,
  title={Catastrophic forgetting and mode collapse in gans},
  author={Thanh-Tung, Hoang and Tran, Truyen},
  booktitle={International Joint Conference on Neural Networks},
  pages={1--10},
  year={2020},
}

@article{Noether_1971,
	year = 1971,
	volume = {1},
	number = {3},
	pages = {186--207},
	author = {Emmy Noether},
	title = {Invariant variation problems},
    journal = {Transport Theory and Statistical Physics}
    }

@article{hoogeboom2022equivariant,
  title={Equivariant diffusion for molecule generation in 3d},
  author={Hoogeboom, Emiel and Satorras, V{\i}ctor Garcia and Vignac, Cl{\'e}ment and Welling, Max},
  journal={International Conference on Machine Learning},
  year={2022},
}


%% Equivarinat
@article{bogatskiy2020lorentz,
  title={Lorentz group equivariant neural network for particle physics},
  author={Bogatskiy, Alexander and Anderson, Brandon and Offermann, Jan and Roussi, Marwah and Miller, David and Kondor, Risi},
  journal={International Conference on Machine Learning},
  year={2020},
}

@inproceedings{cohen2016group,
  title={Group equivariant convolutional networks},
  author={Cohen, Taco and Welling, Max},
  booktitle={International conference on machine learning},
  pages={2990--2999},
  year={2016},
  organization={PMLR}
}

@article{worrall2018cubenet,
  title={Cubenet: Equivariance to 3d rotation and translation},
  author={Worrall, Daniel and Brostow, Gabriel},
  journal={European Conference on Computer Vision},
  pages={567--584},
  year={2018}
}

@article{cesa2021program,
  title={A program to build e (n)-equivariant steerable cnns},
  author={Cesa, Gabriele and Lang, Leon and Weiler, Maurice},
  journal={International Conference on Learning Representations},
  year={2021}
}

@article{weiler2021coordinate,
  title={Coordinate Independent Convolutional Networks--Isometry and Gauge Equivariant Convolutions on Riemannian Manifolds},
  author={Weiler, Maurice and Forr{\'e}, Patrick and Verlinde, Erik and Welling, Max},
  journal={arXiv preprint arXiv:2106.06020},
  year={2021}
}

@article{xu2022geodiff,
title={GeoDiff: A Geometric Diffusion Model for Molecular Conformation Generation},
author={Minkai Xu and Lantao Yu and Yang Song and Chence Shi and Stefano Ermon and Jian Tang},
journal={International Conference on Learning Representations},
year={2022}
}


@article{rezende2020normalizing,
  title={Normalizing flows on tori and spheres},
  author={Rezende, Danilo Jimenez and Papamakarios, George and Racaniere, S{\'e}bastien and Albergo, Michael and Kanwar, Gurtej and Shanahan, Phiala and Cranmer, Kyle},
  journal={International Conference on Machine Learning},
  year={2020},
}


@inproceedings{serengil2020lightface,
  title        = {LightFace: A Hybrid Deep Face Recognition Framework},
  author       = {Serengil, Sefik Ilkin and Ozpinar, Alper},
  booktitle    = {Innovations in Intelligent Systems and Applications Conference},
  year         = {2020},
}

@book{tauber2014critical,
  title={Critical dynamics: a field theory approach to equilibrium and non-equilibrium scaling behavior},
  author={T{\"a}uber, Uwe C},
  year={2014},
  publisher={Cambridge University Press}
}


@inproceedings{kingma2013auto,
  author       = {Diederik P. Kingma and
                  Max Welling},
  editor       = {Yoshua Bengio and
                  Yann LeCun},
  title        = {Auto-Encoding Variational Bayes},
  booktitle    = {2nd International Conference on Learning Representations, {ICLR} 2014,
                  Banff, AB, Canada, April 14-16, 2014, Conference Track Proceedings},
  year         = {2014},
  url          = {http://arxiv.org/abs/1312.6114},
  timestamp    = {Thu, 04 Apr 2019 13:20:07 +0200},
  biburl       = {https://dblp.org/rec/journals/corr/KingmaW13.bib},
  bibsource    = {dblp computer science bibliography, https://dblp.org}
}

@inproceedings{rezende2014stochastic,
  title={Stochastic backpropagation and approximate inference in deep generative models},
  author={Rezende, Danilo Jimenez and Mohamed, Shakir and Wierstra, Daan},
  booktitle={International conference on machine learning},
  pages={1278--1286},
  year={2014},
  organization={PMLR}
}


@inproceedings{van2016pixel,
  title={Pixel recurrent neural networks},
  author={Van Den Oord, A{\"a}ron and Kalchbrenner, Nal and Kavukcuoglu, Koray},
  booktitle={International conference on machine learning},
  pages={1747--1756},
  year={2016},
  organization={PMLR}
}


@inproceedings{goodfellow2014generative,
 author = {Goodfellow, Ian and Pouget-Abadie, Jean and Mirza, Mehdi and Xu, Bing and Warde-Farley, David and Ozair, Sherjil and Courville, Aaron and Bengio, Yoshua},
 booktitle = {Advances in Neural Information Processing Systems},
 editor = {Z. Ghahramani and M. Welling and C. Cortes and N. Lawrence and K.Q. Weinberger},
 pages = {},
 publisher = {Curran Associates, Inc.},
 title = {Generative Adversarial Nets},
 url = {https://proceedings.neurips.cc/paper_files/paper/2014/file/5ca3e9b122f61f8f06494c97b1afccf3-Paper.pdf},
 volume = {27},
 year = {2014}
}

 

@article{dinh2014nice,
  title={Nice: Non-linear independent components estimation},
  author={Dinh, Laurent and Krueger, David and Bengio, Yoshua},
  journal={arXiv preprint arXiv:1410.8516},
  year={2014}
}


@inproceedings{rezende2015variational,
  title={Variational inference with normalizing flows},
  author={Rezende, Danilo and Mohamed, Shakir},
  booktitle={International conference on machine learning},
  pages={1530--1538},
  year={2015},
  organization={PMLR}
}