% Use this file for citations not found in the ACL Anthology (contained in "anthology.bib").
@article{elazar2023s,
  title={What's In My Big Data?},
  author={Elazar, Yanai and Bhagia, Akshita and Magnusson, Ian and Ravichander, Abhilasha and Schwenk, Dustin and Suhr, Alane and Walsh, Pete and Groeneveld, Dirk and Soldaini, Luca and Singh, Sameer and others},
  journal={arXiv preprint arXiv:2310.20707},
  year={2023}
}

@article{longpre2023pretrainer,
  title={A pretrainer's guide to training data: Measuring the effects of data age, domain coverage, quality, \& toxicity},
  author={Longpre, Shayne and Yauney, Gregory and Reif, Emily and Lee, Katherine and Roberts, Adam and Zoph, Barret and Zhou, Denny and Wei, Jason and Robinson, Kevin and Mimno, David and others},
  journal={arXiv preprint arXiv:2305.13169},
  year={2023}
}

@article{li2024datacomp,
  title={DataComp-LM: In search of the next generation of training sets for language models},
  author={Li, Jeffrey and Fang, Alex and Smyrnis, Georgios and Ivgi, Maor and Jordan, Matt and Gadre, Samir and Bansal, Hritik and Guha, Etash and Keh, Sedrick and Arora, Kushal and others},
  journal={arXiv preprint arXiv:2406.11794},
  year={2024}
}

@article{xie2023data,
  title={Data selection for language models via importance resampling},
  author={Xie, Sang Michael and Santurkar, Shibani and Ma, Tengyu and Liang, Percy S},
  journal={Advances in Neural Information Processing Systems},
  volume={36},
  pages={34201--34227},
  year={2023}
}

@article{qian2023communicative,
  title={Communicative agents for software development},
  author={Qian, Chen and Cong, Xin and Yang, Cheng and Chen, Weize and Su, Yusheng and Xu, Juyuan and Liu, Zhiyuan and Sun, Maosong},
  journal={arXiv preprint arXiv:2307.07924},
  year={2023}
}

@article{bradley1952rank,
  title={Rank analysis of incomplete block designs: I. The method of paired comparisons},
  author={Bradley, Ralph Allan and Terry, Milton E},
  journal={Biometrika},
  volume={39},
  number={3/4},
  pages={324--345},
  year={1952},
  publisher={JSTOR}
}

@article{zheng2024judging,
  title={Judging llm-as-a-judge with mt-bench and chatbot arena},
  author={Zheng, Lianmin and Chiang, Wei-Lin and Sheng, Ying and Zhuang, Siyuan and Wu, Zhanghao and Zhuang, Yonghao and Lin, Zi and Li, Zhuohan and Li, Dacheng and Xing, Eric and others},
  journal={Advances in Neural Information Processing Systems},
  volume={36},
  year={2024}
}


@article{chowdhery2023palm,
  title={Palm: Scaling language modeling with pathways},
  author={Chowdhery, Aakanksha and Narang, Sharan and Devlin, Jacob and Bosma, Maarten and Mishra, Gaurav and Roberts, Adam and Barham, Paul and Chung, Hyung Won and Sutton, Charles and Gehrmann, Sebastian and others},
  journal={Journal of Machine Learning Research},
  volume={24},
  number={240},
  pages={1--113},
  year={2023}
}

@article{brown2020language,
  title={Language models are few-shot learners},
  author={Brown, Tom and Mann, Benjamin and Ryder, Nick and Subbiah, Melanie and Kaplan, Jared D and Dhariwal, Prafulla and Neelakantan, Arvind and Shyam, Pranav and Sastry, Girish and Askell, Amanda and others},
  journal={Advances in neural information processing systems},
  volume={33},
  pages={1877--1901},
  year={2020}
}

@book{Aho:72,
    author  = {Alfred V. Aho and Jeffrey D. Ullman},
    title   = {The Theory of Parsing, Translation and Compiling},
    year    = "1972",
    volume  = "1",
    publisher = {Prentice-Hall},
    address = {Englewood Cliffs, NJ}
}

@book{APA:83,
    author  = {{American Psychological Association}},
    title   = {Publications Manual},
    year    = "1983",
    publisher = {American Psychological Association},
    address = {Washington, DC}
}

@article{Chandra:81,
	author = {Ashok K. Chandra and Dexter C. Kozen and Larry J. Stockmeyer},
	year = "1981",
	title = {Alternation},
	journal = {Journal of the Association for Computing Machinery},
	volume = "28",
	number = "1",
	pages = "114--133",
	doi = "10.1145/322234.322243",
}

@inproceedings{andrew2007scalable,
  title={Scalable training of {L1}-regularized log-linear models},
  author={Andrew, Galen and Gao, Jianfeng},
  booktitle={Proceedings of the 24th International Conference on Machine Learning},
  pages={33--40},
  year={2007},
}

@book{Gusfield:97,
    author  = {Dan Gusfield},
    title   = {Algorithms on Strings, Trees and Sequences},
    year    = "1997",
    publisher = {Cambridge University Press},
    address = {Cambridge, UK}
}

@article{huang2024c,
  title={C-eval: A multi-level multi-discipline chinese evaluation suite for foundation models},
  author={Huang, Yuzhen and Bai, Yuzhuo and Zhu, Zhihao and Zhang, Junlei and Zhang, Jinghan and Su, Tangjun and Liu, Junteng and Lv, Chuancheng and Zhang, Yikai and Fu, Yao and others},
  journal={Advances in Neural Information Processing Systems},
  volume={36},
  year={2024}
}

@article{hendrycks2020measuring,
  title={Measuring massive multitask language understanding},
  author={Hendrycks, Dan and Burns, Collin and Basart, Steven and Zou, Andy and Mazeika, Mantas and Song, Dawn and Steinhardt, Jacob},
  journal={arXiv preprint arXiv:2009.03300},
  year={2020}
}

@article{austin2021program,
  title={Program synthesis with large language models},
  author={Austin, Jacob and Odena, Augustus and Nye, Maxwell and Bosma, Maarten and Michalewski, Henryk and Dohan, David and Jiang, Ellen and Cai, Carrie and Terry, Michael and Le, Quoc and others},
  journal={arXiv preprint arXiv:2108.07732},
  year={2021}
}

@inproceedings{pal2022medmcqa,
  title={Medmcqa: A large-scale multi-subject multi-choice dataset for medical domain question answering},
  author={Pal, Ankit and Umapathi, Logesh Kumar and Sankarasubbu, Malaikannan},
  booktitle={Conference on health, inference, and learning},
  pages={248--260},
  year={2022},
  organization={PMLR}
}

@article{hu2024minicpm,
  title={Minicpm: Unveiling the potential of small language models with scalable training strategies},
  author={Hu, Shengding and Tu, Yuge and Han, Xu and He, Chaoqun and Cui, Ganqu and Long, Xiang and Zheng, Zhi and Fang, Yewei and Huang, Yuxiang and Zhao, Weilin and others},
  journal={arXiv preprint arXiv:2404.06395},
  year={2024}
}

@article{welbl2017crowdsourcing,
  title={Crowdsourcing multiple choice science questions},
  author={Welbl, Johannes and Liu, Nelson F and Gardner, Matt},
  journal={arXiv preprint arXiv:1707.06209},
  year={2017}
}

@article{CLUECorpus2020,
  title={CLUECorpus2020: A Large-scale Chinese Corpus for Pre-training Language Model},
  author={Liang Xu and Xuanwei Zhang and Qianqian Dong},
  journal={ArXiv},
  year={2020},
  volume={abs/2003.01355}
}
@misc{wei2023skywork,
      title={Skywork: A More Open Bilingual Foundation Model}, 
      author={Tianwen Wei and Liang Zhao and Lichang Zhang and Bo Zhu and Lijie Wang and Haihua Yang and Biye Li and Cheng Cheng and Weiwei LÃ¼ and Rui Hu and Chenxia Li and Liu Yang and Xilin Luo and Xuejie Wu and Lunan Liu and Wenjun Cheng and Peng Cheng and Jianhao Zhang and Xiaoyu Zhang and Lei Lin and Xiaokun Wang and Yutuan Ma and Chuanhai Dong and Yanqi Sun and Yifu Chen and Yongyi Peng and Xiaojuan Liang and Shuicheng Yan and Han Fang and Yahui Zhou},
      year={2023},
      eprint={2310.19341},
      archivePrefix={arXiv},
      primaryClass={cs.CL}
}

@article{wu2021yuan,
  title={Yuan 1.0: Large-scale pre-trained language model in zero-shot and few-shot learning},
  author={Wu, Shaohua and Zhao, Xudong and Yu, Tong and Zhang, Rongguo and Shen, Chong and Liu, Hongli and Li, Feng and Zhu, Hong and Luo, Jiangang and Xu, Liang and others},
  journal={arXiv preprint arXiv:2110.04725},
  year={2021}
}

@article{wei2022chain,
  title={Chain-of-thought prompting elicits reasoning in large language models},
  author={Wei, Jason and Wang, Xuezhi and Schuurmans, Dale and Bosma, Maarten and Xia, Fei and Chi, Ed and Le, Quoc V and Zhou, Denny and others},
  journal={Advances in neural information processing systems},
  volume={35},
  pages={24824--24837},
  year={2022}
}

@inproceedings{zhong2020jec,
  title={JEC-QA: a legal-domain question answering dataset},
  author={Zhong, Haoxi and Xiao, Chaojun and Tu, Cunchao and Zhang, Tianyang and Liu, Zhiyuan and Sun, Maosong},
  booktitle={Proceedings of the AAAI conference on artificial intelligence},
  volume={34},
  number={05},
  pages={9701--9708},
  year={2020}
}

@article{jin2021disease,
  title={What disease does this patient have? a large-scale open domain question answering dataset from medical exams},
  author={Jin, Di and Pan, Eileen and Oufattole, Nassim and Weng, Wei-Hung and Fang, Hanyi and Szolovits, Peter},
  journal={Applied Sciences},
  volume={11},
  number={14},
  pages={6421},
  year={2021},
  publisher={MDPI}
}

@article{joshi2017triviaqa,
  title={Triviaqa: A large scale distantly supervised challenge dataset for reading comprehension},
  author={Joshi, Mandar and Choi, Eunsol and Weld, Daniel S and Zettlemoyer, Luke},
  journal={arXiv preprint arXiv:1705.03551},
  year={2017}
}

@article{xia2024sportqa,
  title={SportQA: A Benchmark for Sports Understanding in Large Language Models},
  author={Xia, Haotian and Yang, Zhengbang and Wang, Yuqing and Tracy, Rhys and Zhao, Yun and Huang, Dongdong and Chen, Zezhi and Zhu, Yan and Wang, Yuan-fang and Shen, Weining},
  journal={arXiv preprint arXiv:2402.15862},
  year={2024}
}

@article{cobbe2021training,
  title={Training verifiers to solve math word problems},
  author={Cobbe, Karl and Kosaraju, Vineet and Bavarian, Mohammad and Chen, Mark and Jun, Heewoo and Kaiser, Lukasz and Plappert, Matthias and Tworek, Jerry and Hilton, Jacob and Nakano, Reiichiro and others},
  journal={arXiv preprint arXiv:2110.14168},
  year={2021}
}

@article{srivastava2022beyond,
  title={Beyond the imitation game: Quantifying and extrapolating the capabilities of language models},
  author={Srivastava, Aarohi and Rastogi, Abhinav and Rao, Abhishek and Shoeb, Abu Awal Md and Abid, Abubakar and Fisch, Adam and Brown, Adam R and Santoro, Adam and Gupta, Aditya and Garriga-Alonso, Adri{\`a} and others},
  journal={arXiv preprint arXiv:2206.04615},
  year={2022}
}

@article{clark2018think,
  title={Think you have solved question answering? try arc, the ai2 reasoning challenge},
  author={Clark, Peter and Cowhey, Isaac and Etzioni, Oren and Khot, Tushar and Sabharwal, Ashish and Schoenick, Carissa and Tafjord, Oyvind},
  journal={arXiv preprint arXiv:1803.05457},
  year={2018}
}

@article{hendrycks2021measuring,
  title={Measuring mathematical problem solving with the math dataset},
  author={Hendrycks, Dan and Burns, Collin and Kadavath, Saurav and Arora, Akul and Basart, Steven and Tang, Eric and Song, Dawn and Steinhardt, Jacob},
  journal={arXiv preprint arXiv:2103.03874},
  year={2021}
}


@article{chen2021evaluating,
  title={Evaluating large language models trained on code},
  author={Chen, Mark and Tworek, Jerry and Jun, Heewoo and Yuan, Qiming and Pinto, Henrique Ponde de Oliveira and Kaplan, Jared and Edwards, Harri and Burda, Yuri and Joseph, Nicholas and Brockman, Greg and others},
  journal={arXiv preprint arXiv:2107.03374},
  year={2021}
}

@article{li2023cmmlu,
  title={Cmmlu: Measuring massive multitask language understanding in chinese},
  author={Li, Haonan and Zhang, Yixuan and Koto, Fajri and Yang, Yifei and Zhao, Hai and Gong, Yeyun and Duan, Nan and Baldwin, Timothy},
  journal={arXiv preprint arXiv:2306.09212},
  year={2023}
}

@article{rasooli-tetrault-2015,
    author    = {Mohammad Sadegh Rasooli and Joel R. Tetreault},
    title     = {Yara Parser: {A} Fast and Accurate Dependency Parser},
    journal   = {Computing Research Repository},
    volume    = {arXiv:1503.06733},
    year      = {2015},
    url       = {http://arxiv.org/abs/1503.06733},
    note    = {version 2}
}

@article{zhong2023agieval,
  title={Agieval: A human-centric benchmark for evaluating foundation models},
  author={Zhong, Wanjun and Cui, Ruixiang and Guo, Yiduo and Liang, Yaobo and Lu, Shuai and Wang, Yanlin and Saied, Amin and Chen, Weizhu and Duan, Nan},
  journal={arXiv preprint arXiv:2304.06364},
  year={2023}
}

@article{chang2024survey,
  title={A survey on evaluation of large language models},
  author={Chang, Yupeng and Wang, Xu and Wang, Jindong and Wu, Yuan and Yang, Linyi and Zhu, Kaijie and Chen, Hao and Yi, Xiaoyuan and Wang, Cunxiang and Wang, Yidong and others},
  journal={ACM Transactions on Intelligent Systems and Technology},
  volume={15},
  number={3},
  pages={1--45},
  year={2024},
  publisher={ACM New York, NY}
}

@article{Ando2005,
	Acmid = {1194905},
	Author = {Ando, Rie Kubota and Zhang, Tong},
	Issn = {1532-4435},
	Issue_Date = {12/1/2005},
	Journal = {Journal of Machine Learning Research},
	Month = dec,
	Numpages = {37},
	Pages = {1817--1853},
	Publisher = {JMLR.org},
	Title = {A Framework for Learning Predictive Structures from Multiple Tasks and Unlabeled Data},
	Volume = {6},
	Year = {2005}
}

@article{wettig2024qurating,
  title={QuRating: Selecting High-Quality Data for Training Language Models},
  author={Wettig, Alexander and Gupta, Aatmik and Malik, Saumya and Chen, Danqi},
  journal={arXiv preprint arXiv:2402.09739},
  year={2024}
}
@article{lample2019cross,
  title={Cross-lingual language model pretraining},
  author={Lample, Guillaume and Conneau, Alexis},
  journal={arXiv preprint arXiv:1901.07291},
  year={2019}
}
@article{penedo2023refinedweb,
  title={The RefinedWeb dataset for Falcon LLM: outperforming curated corpora with web data, and web data only},
  author={Penedo, Guilherme and Malartic, Quentin and Hesslow, Daniel and Cojocaru, Ruxandra and Cappelli, Alessandro and Alobeidli, Hamza and Pannier, Baptiste and Almazrouei, Ebtesam and Launay, Julien},
  journal={arXiv preprint arXiv:2306.01116},
  year={2023}
}
@article{le2023bloom,
  title={Bloom: A 176b-parameter open-access multilingual language model},
  author={Le Scao, Teven and Fan, Angela and Akiki, Christopher and Pavlick, Ellie and Ili{\'c}, Suzana and Hesslow, Daniel and Castagn{\'e}, Roman and Luccioni, Alexandra Sasha and Yvon, Fran{\c{c}}ois and Gall{\'e}, Matthias and others},
  year={2023}
}
@article{zhou2024lima,
  title={Lima: Less is more for alignment},
  author={Zhou, Chunting and Liu, Pengfei and Xu, Puxin and Iyer, Srinivasan and Sun, Jiao and Mao, Yuning and Ma, Xuezhe and Efrat, Avia and Yu, Ping and Yu, Lili and others},
  journal={Advances in Neural Information Processing Systems},
  volume={36},
  year={2024}
}

@article{raffel2020exploring,
  title={Exploring the limits of transfer learning with a unified text-to-text transformer},
  author={Raffel, Colin and Shazeer, Noam and Roberts, Adam and Lee, Katherine and Narang, Sharan and Matena, Michael and Zhou, Yanqi and Li, Wei and Liu, Peter J},
  journal={Journal of machine learning research},
  volume={21},
  number={140},
  pages={1--67},
  year={2020}
}

@article{gao2020pile,
  title={The pile: An 800gb dataset of diverse text for language modeling},
  author={Gao, Leo and Biderman, Stella and Black, Sid and Golding, Laurence and Hoppe, Travis and Foster, Charles and Phang, Jason and He, Horace and Thite, Anish and Nabeshima, Noa and others},
  journal={arXiv preprint arXiv:2101.00027},
  year={2020}
}

@article{soldaini2024dolma,
  title={Dolma: An Open Corpus of Three Trillion Tokens for Language Model Pretraining Research},
  author={Soldaini, Luca and Kinney, Rodney and Bhagia, Akshita and Schwenk, Dustin and Atkinson, David and Authur, Russell and Bogin, Ben and Chandu, Khyathi and Dumas, Jennifer and Elazar, Yanai and others},
  journal={arXiv preprint arXiv:2402.00159},
  year={2024}
}

@inproceedings{kwon2023efficient,
  title={Efficient memory management for large language model serving with pagedattention},
  author={Kwon, Woosuk and Li, Zhuohan and Zhuang, Siyuan and Sheng, Ying and Zheng, Lianmin and Yu, Cody Hao and Gonzalez, Joseph and Zhang, Hao and Stoica, Ion},
  booktitle={Proceedings of the 29th Symposium on Operating Systems Principles},
  pages={611--626},
  year={2023}
}

@inproceedings{moritz2018ray,
  title={Ray: A distributed framework for emerging $\{$AI$\}$ applications},
  author={Moritz, Philipp and Nishihara, Robert and Wang, Stephanie and Tumanov, Alexey and Liaw, Richard and Liang, Eric and Elibol, Melih and Yang, Zongheng and Paul, William and Jordan, Michael I and others},
  booktitle={13th USENIX symposium on operating systems design and implementation (OSDI 18)},
  pages={561--577},
  year={2018}
}

@article{gunasekar2023textbooks,
  title={Textbooks are all you need},
  author={Gunasekar, Suriya and Zhang, Yi and Aneja, Jyoti and Mendes, Caio C{\'e}sar Teodoro and Del Giorno, Allie and Gopi, Sivakanth and Javaheripi, Mojan and Kauffmann, Piero and de Rosa, Gustavo and Saarikivi, Olli and others},
  journal={arXiv preprint arXiv:2306.11644},
  year={2023}
}

@inproceedings{korbak2023pretraining,
  title={Pretraining language models with human preferences},
  author={Korbak, Tomasz and Shi, Kejian and Chen, Angelica and Bhalerao, Rasika Vinayak and Buckley, Christopher and Phang, Jason and Bowman, Samuel R and Perez, Ethan},
  booktitle={International Conference on Machine Learning},
  pages={17506--17533},
  year={2023},
  organization={PMLR}
}

@article{liu2023makes,
  title={What makes good data for alignment? a comprehensive study of automatic data selection in instruction tuning},
  author={Liu, Wei and Zeng, Weihao and He, Keqing and Jiang, Yong and He, Junxian},
  journal={arXiv preprint arXiv:2312.15685},
  year={2023}
}

@article{du2023mods,
  title={Mods: Model-oriented data selection for instruction tuning},
  author={Du, Qianlong and Zong, Chengqing and Zhang, Jiajun},
  journal={arXiv preprint arXiv:2311.15653},
  year={2023}
}

@article{chen2023alpagasus,
  title={Alpagasus: Training a better alpaca with fewer data},
  author={Chen, Lichang and Li, Shiyang and Yan, Jun and Wang, Hai and Gunaratna, Kalpa and Yadav, Vikas and Tang, Zheng and Srinivasan, Vijay and Zhou, Tianyi and Huang, Heng and others},
  journal={arXiv preprint arXiv:2307.08701},
  year={2023}
}

@article{maini2024rephrasing,
  title={Rephrasing the Web: A Recipe for Compute and Data-Efficient Language Modeling},
  author={Maini, Pratyush and Seto, Skyler and Bai, He and Grangier, David and Zhang, Yizhe and Jaitly, Navdeep},
  journal={arXiv preprint arXiv:2401.16380},
  year={2024}
}

@article{eldan2023tinystories,
  title={Tinystories: How small can language models be and still speak coherent english?},
  author={Eldan, Ronen and Li, Yuanzhi},
  journal={arXiv preprint arXiv:2305.07759},
  year={2023}
}

@inproceedings{lu2023instag,
  title={\# InsTag: Instruction Tagging for Analyzing Supervised Fine-tuning of Large Language Models},
  author={Lu, Keming and Yuan, Hongyi and Yuan, Zheng and Lin, Runji and Lin, Junyang and Tan, Chuanqi and Zhou, Chang and Zhou, Jingren},
  booktitle={The Twelfth International Conference on Learning Representations},
  year={2023}
}

@article{li2023textbooks,
  title={Textbooks are all you need ii: phi-1.5 technical report},
  author={Li, Yuanzhi and Bubeck, S{\'e}bastien and Eldan, Ronen and Del Giorno, Allie and Gunasekar, Suriya and Lee, Yin Tat},
  journal={arXiv preprint arXiv:2309.05463},
  year={2023}
}

@article{abdin2024phi,
  title={Phi-3 technical report: A highly capable language model locally on your phone},
  author={Abdin, Marah and Jacobs, Sam Ade and Awan, Ammar Ahmad and Aneja, Jyoti and Awadallah, Ahmed and Awadalla, Hany and Bach, Nguyen and Bahree, Amit and Bakhtiari, Arash and Behl, Harkirat and others},
  journal={arXiv preprint arXiv:2404.14219},
  year={2024}
}

@article{wenzek2019ccnet,
  title={CCNet: Extracting high quality monolingual datasets from web crawl data},
  author={Wenzek, Guillaume and Lachaux, Marie-Anne and Conneau, Alexis and Chaudhary, Vishrav and Guzm{\'a}n, Francisco and Joulin, Armand and Grave, Edouard},
  journal={arXiv preprint arXiv:1911.00359},
  year={2019}
}