@article{edge2024local,
  title={From local to global: A graph rag approach to query-focused summarization},
  author={Edge, Darren and Trinh, Ha and Cheng, Newman and Bradley, Joshua and Chao, Alex and Mody, Apurva and Truitt, Steven and Larson, Jonathan},
  journal={arXiv preprint arXiv:2404.16130},
  year={2024}
}

@article{gutierrez2024hipporag,
  title={HippoRAG: Neurobiologically Inspired Long-Term Memory for Large Language Models},
  author={Guti{\'e}rrez, Bernal Jim{\'e}nez and Shu, Yiheng and Gu, Yu and Yasunaga, Michihiro and Su, Yu},
  journal={arXiv preprint arXiv:2405.14831},
  year={2024}
}

@article{ackoff1989data,
  title={From data to wisdom},
  author={Ackoff, Russell L},
  journal={Journal of applied systems analysis},
  volume={16},
  number={1},
  pages={3--9},
  year={1989}
}

@article{terra2003understanding,
  title={Understanding the difference between information management and knowledge management},
  author={Terra, Jose Claudio and Angeloni, Terezinha},
  journal={KM Advantage},
  pages={1--9},
  year={2003},
  publisher={Citeseer}
}

@article{baskarada2013data,
  title={Data, information, knowledge, wisdom (DIKW): A semiotic theoretical and empirical exploration of the hierarchy and its quality dimension},
  author={Baskarada, Sasa and Koronios, Andy},
  journal={Australasian Journal of Information Systems},
  volume={18},
  number={1},
  year={2013}
}

@article{sajja2010knowledge,
  title={Knowledge-based systems for development},
  author={Sajja, Priti Srinivas and Akerkar, Rajendra},
  journal={Advanced Knowledge Based Systems: Model, Applications \& Research},
  volume={1},
  pages={1--11},
  year={2010},
  publisher={Jones \& Bartlett Publishers}
}

@article{hey2004data,
  title={The data, information, knowledge, wisdom chain: the metaphorical link},
  author={Hey, Jonathan},
  journal={Intergovernmental Oceanographic Commission},
  volume={26},
  number={1},
  pages={1--18},
  year={2004}
}

@inproceedings{weikum2010information,
  title={From information to knowledge: harvesting entities and relationships from web sources},
  author={Weikum, Gerhard and Theobald, Martin},
  booktitle={Proceedings of the twenty-ninth ACM SIGMOD-SIGACT-SIGART symposium on Principles of database systems},
  pages={65--76},
  year={2010}
}

@article{sarawagi2008information,
  title={Information extraction},
  author={Sarawagi, Sunita and others},
  journal={Foundations and Trends{\textregistered} in Databases},
  volume={1},
  number={3},
  pages={261--377},
  year={2008},
  publisher={Now Publishers, Inc.}
}

@article{piskorski2013information,
  title={Information extraction: Past, present and future},
  author={Piskorski, Jakub and Yangarber, Roman},
  journal={Multi-source, multilingual information extraction and summarization},
  pages={23--49},
  year={2013},
  publisher={Springer}
}

@book{allemang2011semantic,
  title={Semantic web for the working ontologist: effective modeling in RDFS and OWL},
  author={Allemang, Dean and Hendler, James},
  year={2011},
  publisher={Elsevier}
}

@inproceedings{sharma2019schema,
  title={A schema-first formalism for labeled property graph databases: Enabling structured data loading and analytics},
  author={Sharma, Chandan and Sinha, Roopak},
  booktitle={Proceedings of the 6th ieee/acm international conference on big data computing, applications and technologies},
  pages={71--80},
  year={2019}
}

@article{li2024dalk,
  title={DALK: Dynamic Co-Augmentation of LLMs and KG to answer Alzheimer's Disease Questions with Scientific Literature},
  author={Li, Dawei and Yang, Shu and Tan, Zhen and Baik, Jae Young and Yun, Sunkwon and Lee, Joseph and Chacko, Aaron and Hou, Bojian and Duong-Tran, Duy and Ding, Ying and others},
  journal={arXiv preprint arXiv:2405.04819},
  year={2024}
}

@inproceedings{fang2021discos,
  title={Discos: Bridging the gap between discourse knowledge and commonsense knowledge},
  author={Fang, Tianqing and Zhang, Hongming and Wang, Weiqi and Song, Yangqiu and He, Bin},
  booktitle={Proceedings of the Web Conference 2021},
  pages={2648--2659},
  year={2021}
}

@inproceedings{zhang2020aser,
  title={ASER: A large-scale eventuality knowledge graph},
  author={Zhang, Hongming and Liu, Xin and Pan, Haojie and Song, Yangqiu and Leung, Cane Wing-Ki},
  booktitle={Proceedings of the web conference 2020},
  pages={201--211},
  year={2020}
}

@article{bi2024codekgc,
  title={Codekgc: Code language model for generative knowledge graph construction},
  author={Bi, Zhen and Chen, Jing and Jiang, Yinuo and Xiong, Feiyu and Guo, Wei and Chen, Huajun and Zhang, Ningyu},
  journal={ACM Transactions on Asian and Low-Resource Language Information Processing},
  volume={23},
  number={3},
  pages={1--16},
  year={2024},
  publisher={ACM New York, NY}
}

@article{ma2024think,
  title={Think-on-Graph 2.0: Deep and Interpretable Large Language Model Reasoning with Knowledge Graph-guided Retrieval},
  author={Ma, Shengjie and Xu, Chengjin and Jiang, Xuhui and Li, Muzhi and Qu, Huaren and Guo, Jian},
  journal={arXiv preprint arXiv:2407.10805},
  year={2024}
}

@article{tian2022knowledge,
  title={Knowledge graph and knowledge reasoning: A systematic review},
  author={Tian, Ling and Zhou, Xue and Wu, Yan-Ping and Zhou, Wang-Tao and Zhang, Jin-Hao and Zhang, Tian-Shu},
  journal={Journal of Electronic Science and Technology},
  volume={20},
  number={2},
  pages={100159},
  year={2022},
  publisher={Elsevier}
}



@article{gui2024iepile,
  title={IEPile: Unearthing Large-Scale Schema-Based Information Extraction Corpus},
  author={Gui, Honghao and Ye, Hongbin and Yuan, Lin and Zhang, Ningyu and Sun, Mengshu and Liang, Lei and Chen, Huajun},
  journal={arXiv preprint arXiv:2402.14710},
  year={2024}
}

@article{yu2023chain,
  title={Chain-of-note: Enhancing robustness in retrieval-augmented language models},
  author={Yu, Wenhao and Zhang, Hongming and Pan, Xiaoman and Ma, Kaixin and Wang, Hongwei and Yu, Dong},
  journal={arXiv preprint arXiv:2311.09210},
  year={2023}
}

@inproceedings{fan2024survey,
  title={A Survey on RAG Meeting LLMs: Towards Retrieval-Augmented Large Language Models},
  author={Fan, Wenqi and Ding, Yujuan and Ning, Liangbo and Wang, Shijie and Li, Hengyun and Yin, Dawei and Chua, Tat-Seng and Li, Qing},
  booktitle={Proceedings of the 30th ACM SIGKDD Conference on Knowledge Discovery and Data Mining},
  pages={6491--6501},
  year={2024}
}

@article{gao2023retrieval,
  title={Retrieval-augmented generation for large language models: A survey},
  author={Gao, Yunfan and Xiong, Yun and Gao, Xinyu and Jia, Kangxiang and Pan, Jinliu and Bi, Yuxi and Dai, Yi and Sun, Jiawei and Wang, Haofen},
  journal={arXiv preprint arXiv:2312.10997},
  year={2023}
}

@inproceedings{chen2024benchmarking,
  title={Benchmarking large language models in retrieval-augmented generation},
  author={Chen, Jiawei and Lin, Hongyu and Han, Xianpei and Sun, Le},
  booktitle={Proceedings of the AAAI Conference on Artificial Intelligence},
  volume={38},
  pages={17754--17762},
  year={2024}
}

@article{wu2024easily,
  title={How Easily do Irrelevant Inputs Skew the Responses of Large Language Models?},
  author={Wu, Siye and Xie, Jian and Chen, Jiangjie and Zhu, Tinghui and Zhang, Kai and Xiao, Yanghua},
  journal={arXiv preprint arXiv:2404.03302},
  year={2024}
}

@article{jiang2024retrieve,
  title={Retrieve, Summarize, Plan: Advancing Multi-hop Question Answering with an Iterative Approach},
  author={Jiang, Zhouyu and Sun, Mengshu and Liang, Lei and Zhang, Zhiqiang},
  journal={arXiv preprint arXiv:2407.13101},
  year={2024}
}

@inproceedings{shao2023enhancing,
  author       = {Zhihong Shao and
                  Yeyun Gong and
                  Yelong Shen and
                  Minlie Huang and
                  Nan Duan and
                  Weizhu Chen},
  editor       = {Houda Bouamor and
                  Juan Pino and
                  Kalika Bali},
  title        = {Enhancing Retrieval-Augmented Large Language Models with Iterative
                  Retrieval-Generation Synergy},
  booktitle    = {Findings of the Association for Computational Linguistics: {EMNLP}
                  2023, Singapore, December 6-10, 2023},
  pages        = {9248--9274},
  publisher    = {Association for Computational Linguistics},
  year         = {2023},
  url          = {https://doi.org/10.18653/v1/2023.findings-emnlp.620},
  doi          = {10.18653/V1/2023.FINDINGS-EMNLP.620},
  timestamp    = {Fri, 12 Apr 2024 13:11:45 +0200},
  biburl       = {https://dblp.org/rec/conf/emnlp/ShaoGSHDC23.bib},
  bibsource    = {dblp computer science bibliography, https://dblp.org}
}

@article{sarmah2024hybridrag,
  title={HybridRAG: Integrating Knowledge Graphs and Vector Retrieval Augmented Generation for Efficient Information Extraction},
  author={Sarmah, Bhaskarjit and Hall, Benika and Rao, Rohan and Patel, Sunil and Pasquali, Stefano and Mehta, Dhagash},
  journal={arXiv preprint arXiv:2408.04948},
  year={2024}
}




@article{ziegler2019fine,
  title={Fine-tuning language models from human preferences},
  author={Ziegler, Daniel M and Stiennon, Nisan and Wu, Jeffrey and Brown, Tom B and Radford, Alec and Amodei, Dario and Christiano, Paul and Irving, Geoffrey},
  journal={arXiv preprint arXiv:1909.08593},
  year={2019}
}

@article{ouyang2022training,
  title={Training language models to follow instructions with human feedback},
  author={Ouyang, Long and Wu, Jeffrey and Jiang, Xu and Almeida, Diogo and Wainwright, Carroll and Mishkin, Pamela and Zhang, Chong and Agarwal, Sandhini and Slama, Katarina and Ray, Alex and others},
  journal={Advances in neural information processing systems},
  volume={35},
  pages={27730--27744},
  year={2022}
}

@inproceedings{dang2006duc,
  title={DUC 2005: Evaluation of question-focused summarization systems},
  author={Dang, Hoa Trang},
  booktitle={Proceedings of the Workshop on Task-Focused Summarization and Question Answering},
  pages={48--55},
  year={2006}
}

@inproceedings{DBLP:conf/emnlp/VeseliRKW23,
  author       = {Blerta Veseli and
                  Simon Razniewski and
                  Jan{-}Christoph Kalo and
                  Gerhard Weikum},
  editor       = {Houda Bouamor and
                  Juan Pino and
                  Kalika Bali},
  title        = {Evaluating the Knowledge Base Completion Potential of {GPT}},
  booktitle    = {Findings of the Association for Computational Linguistics: {EMNLP}
                  2023, Singapore, December 6-10, 2023},
  pages        = {6432--6443},
  publisher    = {Association for Computational Linguistics},
  year         = {2023},
  url          = {https://doi.org/10.18653/v1/2023.findings-emnlp.426},
  doi          = {10.18653/V1/2023.FINDINGS-EMNLP.426},
  timestamp    = {Tue, 07 May 2024 20:05:08 +0200},
  biburl       = {https://dblp.org/rec/conf/emnlp/VeseliRKW23.bib},
  bibsource    = {dblp computer science bibliography, https://dblp.org}
}

@inproceedings{DBLP:conf/naacl/DevlinCLT19,
  author       = {Jacob Devlin and
                  Ming{-}Wei Chang and
                  Kenton Lee and
                  Kristina Toutanova},
  editor       = {Jill Burstein and
                  Christy Doran and
                  Thamar Solorio},
  title        = {{BERT:} Pre-training of Deep Bidirectional Transformers for Language
                  Understanding},
  booktitle    = {Proceedings of the 2019 Conference of the North American Chapter of
                  the Association for Computational Linguistics: Human Language Technologies,
                  {NAACL-HLT} 2019, Minneapolis, MN, USA, June 2-7, 2019, Volume 1 (Long
                  and Short Papers)},
  pages        = {4171--4186},
  publisher    = {Association for Computational Linguistics},
  year         = {2019},
  url          = {https://doi.org/10.18653/v1/n19-1423},
  doi          = {10.18653/V1/N19-1423},
  timestamp    = {Mon, 26 Sep 2022 12:21:55 +0200},
  biburl       = {https://dblp.org/rec/conf/naacl/DevlinCLT19.bib},
  bibsource    = {dblp computer science bibliography, https://dblp.org}
}

@article{KoPA,
  author       = {Yichi Zhang and Zhuo Chen and Wen Zhang and Huajun Chen},
  title        = {Making Large Language Models Perform Better in Knowledge Graph Completion},
  journal      = {ACM MM},
  year         = {2024}
}

@article{chatrule,
  author       = {Linhao Luo and Jiaxin Ju and Bo Xiong and Yuan{-}Fang Li and Gholamreza Haffari and Shirui Pan},
  title        = {ChatRule: Mining Logical Rules with Large Language Models for Knowledge
                  Graph Reasoning},
  journal      = {CoRR},
  volume       = {abs/2309.01538},
  year         = {2023}
}

@article{DBLP:journals/corr/abs-2305-01157,
  author       = {Nurendra Choudhary and Chandan K. Reddy},
  title        = {Complex Logical Reasoning over Knowledge Graphs using Large Language
                  Models},
  journal      = {CoRR},
  volume       = {abs/2305.01157},
  year         = {2023}
}


@inproceedings{yao2007knowledge,
  title={Knowledge retrieval (KR)},
  author={Yiyu Yao and Yi Zeng and Ning Zhong and Xiangji Huang},
  booktitle={IEEE/WIC/ACM International Conference on Web Intelligence (WI’07)},
  pages={729--735},
  year={2007},
  organization={IEEE},
  doi={10.1109/WI.2007.113}
}

@inproceedings{berant2013semantic,
  title={Semantic parsing on Freebase from question-answer pairs},
  author={Jonathan Berant and Andrew Chou and Roy Frostig and Percy Liang},
  booktitle={Proceedings of the 2013 Conference on Empirical Methods in Natural Language Processing},
  pages={1533--1544},
  month={October},
  year={2013},
  address={Seattle, Washington, USA},
  organization={Association for Computational Linguistics},
  url={https://aclanthology.org/D13-1160}
}

@inproceedings{gu2021beyond,
  title={Beyond i.i.d.: Three levels of generalization for question answering on knowledge bases},
  author={Yu Gu and Sue Kase and Michelle Vanni and Brian Sadler and Percy Liang and Xifeng Yan and Yu Su},
  booktitle={Proceedings of the Web Conference 2021},
  pages={3477--3488},
  year={2021},
  publisher={Association for Computing Machinery},
  address={New York, NY, USA},
  isbn={9781450383127},
  doi={10.1145/3442381.3449992},
  url={https://doi.org/10.1145/3442381.3449992}
}

@inproceedings{luo2024chatkbqa,
  title={CHATKBQA: A Generate-Then-Retrieve Framework for Knowledge Base Question Answering with Fine-Tuned Large Language Models},
  author={Luo, Haoran and E, Haihong and Tang, Zichen and Peng, Shiyao and Guo, Yikai and Zhang, Wentai and Ma, Chenghao and Dong, Guanting and Song, Meina and Lin, Wei and Zhu, Yifan and Tuan, Luu Anh},
  booktitle={Findings of the Association for Computational Linguistics: ACL 2024},
  year={2024},
  organization={Association for Computational Linguistics}
}	 

@inproceedings{perez2006semantics,
  title={Semantics and complexity of SPARQL},
  author={P{\'e}rez, Jorge and Arenas, Marcelo and Gutierrez, Claudio},
  booktitle={The Semantic Web - ISWC 2006},
  editor={Cruz, Isabel and Decker, Stefan and Allemang, Dean and Preist, Chris and Schwabe, Daniel and Mika, Peter and Uschold, Mike and Aroyo, Lora M.},
  pages={30--43},
  year={2006},
  publisher={Springer Berlin Heidelberg},
  address={Berlin, Heidelberg},
  isbn={978-3-540-49055-5}
}

@inproceedings{kacupaj2021conversational,
  author       = {Endri Kacupaj and
                  Joan Plepi and
                  Kuldeep Singh and
                  Harsh Thakkar and
                  Jens Lehmann and
                  Maria Maleshkova},
  editor       = {Paola Merlo and
                  J{\"{o}}rg Tiedemann and
                  Reut Tsarfaty},
  title        = {Conversational Question Answering over Knowledge Graphs with Transformer
                  and Graph Attention Networks},
  booktitle    = {Proceedings of the 16th Conference of the European Chapter of the
                  Association for Computational Linguistics: Main Volume, {EACL} 2021,
                  Online, April 19 - 23, 2021},
  pages        = {850--862},
  publisher    = {Association for Computational Linguistics},
  year         = {2021},
  url          = {https://doi.org/10.18653/v1/2021.eacl-main.72},
  doi          = {10.18653/V1/2021.EACL-MAIN.72},
  timestamp    = {Mon, 26 Jun 2023 20:47:01 +0200},
  biburl       = {https://dblp.org/rec/conf/eacl/KacupajPSTLM21.bib},
  bibsource    = {dblp computer science bibliography, https://dblp.org}
}

@inproceedings{guo2018dialog,
  author       = {Daya Guo and
                  Duyu Tang and
                  Nan Duan and
                  Ming Zhou and
                  Jian Yin},
  editor       = {Samy Bengio and
                  Hanna M. Wallach and
                  Hugo Larochelle and
                  Kristen Grauman and
                  Nicol{\`{o}} Cesa{-}Bianchi and
                  Roman Garnett},
  title        = {Dialog-to-Action: Conversational Question Answering Over a Large-Scale
                  Knowledge Base},
  booktitle    = {Advances in Neural Information Processing Systems 31: Annual Conference
                  on Neural Information Processing Systems 2018, NeurIPS 2018, December
                  3-8, 2018, Montr{\'{e}}al, Canada},
  pages        = {2946--2955},
  year         = {2018},
  url          = {https://proceedings.neurips.cc/paper/2018/hash/d63fbf8c3173730f82b150c5ef38b8ff-Abstract.html},
  timestamp    = {Mon, 16 May 2022 15:41:51 +0200},
  biburl       = {https://dblp.org/rec/conf/nips/GuoTDZY18.bib},
  bibsource    = {dblp computer science bibliography, https://dblp.org}
}

@inproceedings{lan2021modeling,
  author       = {Yunshi Lan and
                  Jing Jiang},
  editor       = {Chengqing Zong and
                  Fei Xia and
                  Wenjie Li and
                  Roberto Navigli},
  title        = {Modeling Transitions of Focal Entities for Conversational Knowledge
                  Base Question Answering},
  booktitle    = {Proceedings of the 59th Annual Meeting of the Association for Computational
                  Linguistics and the 11th International Joint Conference on Natural
                  Language Processing, {ACL/IJCNLP} 2021, (Volume 1: Long Papers), Virtual
                  Event, August 1-6, 2021},
  pages        = {3288--3297},
  publisher    = {Association for Computational Linguistics},
  year         = {2021},
  url          = {https://doi.org/10.18653/v1/2021.acl-long.255},
  doi          = {10.18653/V1/2021.ACL-LONG.255},
  timestamp    = {Tue, 25 Oct 2022 17:10:24 +0200},
  biburl       = {https://dblp.org/rec/conf/acl/Lan020.bib},
  bibsource    = {dblp computer science bibliography, https://dblp.org}
}

@inproceedings{kapanipathi2021leveraging,
  title={Leveraging abstract meaning representation for knowledge base question answering},
  author={Kapanipathi, Pavan and Abdelaziz, Ibrahim and Ravishankar, Srinivas and Roukos, Salim and Gray, Alexander G. and Astudillo, Ram{\'o}n Fernandez and Chang, Maria and others},
  booktitle    = {Findings of the Association for Computational Linguistics: {ACL/IJCNLP}
                  2021, Online Event, August 1-6, 2021},
  series       = {Findings of {ACL}},
  volume       = {{ACL/IJCNLP} 2021},
  pages        = {3884--3894},
  publisher    = {Association for Computational Linguistics},
  year         = {2021},
  url          = {https://doi.org/10.18653/v1/2021.findings-acl.339},
  doi          = {10.18653/V1/2021.FINDINGS-ACL.339},
  timestamp    = {Thu, 25 Apr 2024 15:20:41 +0200},
  biburl       = {https://dblp.org/rec/conf/acl/KapanipathiARRG21.bib},
  bibsource    = {dblp computer science bibliography, https://dblp.org}
}

@article{omar2023universal,
  title={A universal question-answering platform for knowledge graphs},
  author={Omar, Reham and Dhall, Ishika and Kalnis, Panos and Mansour, Essam},
  journal={Proceedings of the ACM on Management of Data},
  volume={1},
  number={1},
  pages={57:1--57:25},
  year={2023}
}

@inproceedings{atif2023beamqa,
  title={Beamqa: Multi-hop knowledge graph question answering with sequence-to-sequence prediction and beam search},
  author={Atif, Farah and El Khatib, Ola and Difallah, Djellel},
  booktitle={Proceedings of the 46th International ACM SIGIR Conference on Research and Development in Information Retrieval},
  pages={781--790},
  year={2023},
  organization={Association for Computing Machinery},
  address={New York, NY, USA},
  isbn={9781450394086},
  doi={10.1145/3539618.3591698},
  url={https://doi.org/10.1145/3539618.3591698}
}

@inproceedings{jiang2023structgpt,
  author       = {Jinhao Jiang and
                  Kun Zhou and
                  Zican Dong and
                  Keming Ye and
                  Xin Zhao and
                  Ji{-}Rong Wen},
  editor       = {Houda Bouamor and
                  Juan Pino and
                  Kalika Bali},
  title        = {StructGPT: {A} General Framework for Large Language Model to Reason
                  over Structured Data},
  booktitle    = {Proceedings of the 2023 Conference on Empirical Methods in Natural
                  Language Processing, {EMNLP} 2023, Singapore, December 6-10, 2023},
  pages        = {9237--9251},
  publisher    = {Association for Computational Linguistics},
  year         = {2023},
  url          = {https://doi.org/10.18653/v1/2023.emnlp-main.574},
  doi          = {10.18653/V1/2023.EMNLP-MAIN.574},
  timestamp    = {Fri, 12 Apr 2024 13:11:37 +0200},
  biburl       = {https://dblp.org/rec/conf/emnlp/JiangZDYZW23.bib},
  bibsource    = {dblp computer science bibliography, https://dblp.org}
}

@inproceedings{gu2023dont,
  title={Don't generate, discriminate: A proposal for grounding language models to real-world environments},
  author={Gu, Yu and Deng, Xiang and Su, Yu},
  booktitle={Proceedings of the 61st Annual Meeting of the Association for Computational Linguistics (Volume 1: Long Papers)},
  pages={4928--4949},
  year={2023},
  organization={Association for Computational Linguistics},
  address={Toronto, Canada},
  month={July},
  doi={10.18653/v1/2023.acl-long.270},
  url={https://aclanthology.org/2023.acl-long.270}
}

@inproceedings{das2021case,
  title={Case-based reasoning for natural language queries over knowledge bases},
  author={Das, Rajarshi and Zaheer, Manzil and Thai, Dung and Godbole, Ameya and Perez, Ethan and Lee, Jay Yoon and Tan, Lizhen and Polymenakos, Lazaros and McCallum, Andrew},
  booktitle={Proceedings of the 2021 Conference on Empirical Methods in Natural Language Processing},
  pages={9594--9611},
  year={2021},
  organization={Association for Computational Linguistics},
  address={Online and Punta Cana, Dominican Republic},
  month={November},
  doi={10.18653/v1/2021.emnlp-main.755},
  url={https://aclanthology.org/2021.emnlp-main.755}
}

@article{DBLP:journals/corr/abs-2402-13593,
  author       = {Mengqi Zhang and
                  Xiaotian Ye and
                  Qiang Liu and
                  Pengjie Ren and
                  Shu Wu and
                  Zhumin Chen},
  title        = {Knowledge Graph Enhanced Large Language Model Editing},
  journal      = {CoRR},
  volume       = {abs/2402.13593},
  year         = {2024},
  url          = {https://doi.org/10.48550/arXiv.2402.13593},
  doi          = {10.48550/ARXIV.2402.13593},
  eprinttype    = {arXiv},
  eprint       = {2402.13593},
  timestamp    = {Tue, 14 May 2024 14:25:53 +0200},
  biburl       = {https://dblp.org/rec/journals/corr/abs-2402-13593.bib},
  bibsource    = {dblp computer science bibliography, https://dblp.org}
}

@article{DBLP:journals/corr/abs-2406-14282,
  author       = {Junjie Wang and Mingyang Chen and Binbin Hu and Dan Yang and Ziqi Liu and Yue Shen and Peng Wei and Zhiqiang Zhang and Jinjie Gu and Jun Zhou and Jeff Z. Pan and Wen Zhang and Huajun Chen},
  title        = {Learning to Plan for Retrieval-Augmented Large Language Models from
                  Knowledge Graphs},
  journal      = {CoRR},
  volume       = {abs/2406.14282},
  year         = {2024}
}



@inproceedings{hotpotqa,
  author       = {Dirk Groeneveld and
                  Tushar Khot and
                  Mausam and
                  Ashish Sabharwal},
  editor       = {Bonnie Webber and
                  Trevor Cohn and
                  Yulan He and
                  Yang Liu},
  title        = {A Simple Yet Strong Pipeline for HotpotQA},
  booktitle    = {Proceedings of the 2020 Conference on Empirical Methods in Natural
                  Language Processing, {EMNLP} 2020, Online, November 16-20, 2020},
  pages        = {8839--8845},
  publisher    = {Association for Computational Linguistics},
  year         = {2020},
  url          = {https://doi.org/10.18653/v1/2020.emnlp-main.711},
  doi          = {10.18653/V1/2020.EMNLP-MAIN.711},
  timestamp    = {Tue, 20 Aug 2024 07:54:43 +0200},
  biburl       = {https://dblp.org/rec/conf/emnlp/GroeneveldKMS20.bib},
  bibsource    = {dblp computer science bibliography, https://dblp.org}
}

@inproceedings{2wiki,
  author       = {Xanh Ho and
                  Anh{-}Khoa Duong Nguyen and
                  Saku Sugawara and
                  Akiko Aizawa},
  editor       = {Donia Scott and
                  N{\'{u}}ria Bel and
                  Chengqing Zong},
  title        = {Constructing {A} Multi-hop {QA} Dataset for Comprehensive Evaluation
                  of Reasoning Steps},
  booktitle    = {Proceedings of the 28th International Conference on Computational
                  Linguistics, {COLING} 2020, Barcelona, Spain (Online), December 8-13,
                  2020},
  pages        = {6609--6625},
  publisher    = {International Committee on Computational Linguistics},
  year         = {2020},
  url          = {https://doi.org/10.18653/v1/2020.coling-main.580},
  doi          = {10.18653/V1/2020.COLING-MAIN.580},
  timestamp    = {Fri, 06 Aug 2021 00:39:51 +0200},
  biburl       = {https://dblp.org/rec/conf/coling/HoNSA20.bib},
  bibsource    = {dblp computer science bibliography, https://dblp.org}
}

@article{musique,
  author       = {Harsh Trivedi and
                  Niranjan Balasubramanian and
                  Tushar Khot and
                  Ashish Sabharwal},
  title        = {MuSiQue: Multihop Questions via Single-hop Question
                  Composition},
  journal      = {Trans. Assoc. Comput. Linguistics},
  volume       = {10},
  pages        = {539--554},
  year         = {2022},
  url          = {https://doi.org/10.1162/tacl\_a\_00475},
  doi          = {10.1162/TACL\_A\_00475},
  timestamp    = {Wed, 19 Jun 2024 17:28:03 +0200},
  biburl       = {https://dblp.org/rec/journals/tacl/TrivediBKS22.bib},
  bibsource    = {dblp computer science bibliography, https://dblp.org}
}

@inproceedings{akgf,
  author       = {Zhouyu Jiang and
                  Ling Zhong and
                  Mengshu Sun and
                  Jun Xu and
                  Rui Sun and
                  Hui Cai and
                  Shuhan Luo and
                  Zhiqiang Zhang},
  editor       = {Lun{-}Wei Ku and
                  Andre Martins and
                  Vivek Srikumar},
  title        = {Efficient Knowledge Infusion via {KG-LLM} Alignment},
  booktitle    = {Findings of the Association for Computational Linguistics, {ACL} 2024,
                  Bangkok, Thailand and virtual meeting, August 11-16, 2024},
  pages        = {2986--2999},
  publisher    = {Association for Computational Linguistics},
  year         = {2024},
  url          = {https://aclanthology.org/2024.findings-acl.176},
  timestamp    = {Tue, 27 Aug 2024 17:38:11 +0200},
  biburl       = {https://dblp.org/rec/conf/acl/JiangZSXSCLZ24.bib},
  bibsource    = {dblp computer science bibliography, https://dblp.org}
}

@article{contriever,
  author       = {Gautier Izacard and
                  Mathilde Caron and
                  Lucas Hosseini and
                  Sebastian Riedel and
                  Piotr Bojanowski and
                  Armand Joulin and
                  Edouard Grave},
  title        = {Unsupervised Dense Information Retrieval with Contrastive Learning},
  journal      = {Trans. Mach. Learn. Res.},
  volume       = {2022},
  year         = {2022},
  url          = {https://openreview.net/forum?id=jKN1pXi7b0},
  timestamp    = {Fri, 19 May 2023 11:20:42 +0200},
  biburl       = {https://dblp.org/rec/journals/tmlr/IzacardCHRBJG22.bib},
  bibsource    = {dblp computer science bibliography, https://dblp.org}
}

@inproceedings{trivedi2022interleaving,
  author       = {Harsh Trivedi and
                  Niranjan Balasubramanian and
                  Tushar Khot and
                  Ashish Sabharwal},
  editor       = {Anna Rogers and
                  Jordan L. Boyd{-}Graber and
                  Naoaki Okazaki},
  title        = {Interleaving Retrieval with Chain-of-Thought Reasoning for Knowledge-Intensive
                  Multi-Step Questions},
  booktitle    = {Proceedings of the 61st Annual Meeting of the Association for Computational
                  Linguistics (Volume 1: Long Papers), {ACL} 2023, Toronto, Canada,
                  July 9-14, 2023},
  pages        = {10014--10037},
  publisher    = {Association for Computational Linguistics},
  year         = {2023},
  url          = {https://doi.org/10.18653/v1/2023.acl-long.557},
  doi          = {10.18653/V1/2023.ACL-LONG.557},
  timestamp    = {Thu, 10 Aug 2023 12:36:00 +0200},
  biburl       = {https://dblp.org/rec/conf/acl/TrivediBKS23.bib},
  bibsource    = {dblp computer science bibliography, https://dblp.org}
}

@inproceedings{baserag,
  author       = {Patrick S. H. Lewis and
                  Ethan Perez and
                  Aleksandra Piktus and
                  Fabio Petroni and
                  Vladimir Karpukhin and
                  Naman Goyal and
                  Heinrich K{\"{u}}ttler and
                  Mike Lewis and
                  Wen{-}tau Yih and
                  Tim Rockt{\"{a}}schel and
                  Sebastian Riedel and
                  Douwe Kiela},
  editor       = {Hugo Larochelle and
                  Marc'Aurelio Ranzato and
                  Raia Hadsell and
                  Maria{-}Florina Balcan and
                  Hsuan{-}Tien Lin},
  title        = {Retrieval-Augmented Generation for Knowledge-Intensive {NLP} Tasks},
  booktitle    = {Advances in Neural Information Processing Systems 33: Annual Conference
                  on Neural Information Processing Systems 2020, NeurIPS 2020, December
                  6-12, 2020, virtual},
  year         = {2020},
  url          = {https://proceedings.neurips.cc/paper/2020/hash/6b493230205f780e1bc26945df7481e5-Abstract.html},
  timestamp    = {Tue, 19 Jan 2021 15:57:07 +0100},
  biburl       = {https://dblp.org/rec/conf/nips/LewisPPPKGKLYR020.bib},
  bibsource    = {dblp computer science bibliography, https://dblp.org}
}


@inproceedings{RECOMP,
  author       = {Fangyuan Xu and
                  Weijia Shi and
                  Eunsol Choi},
  title        = {{RECOMP:} Improving Retrieval-Augmented LMs with Context Compression
                  and Selective Augmentation},
  booktitle    = {The Twelfth International Conference on Learning Representations,
                  {ICLR} 2024, Vienna, Austria, May 7-11, 2024},
  publisher    = {OpenReview.net},
  year         = {2024},
  url          = {https://openreview.net/forum?id=mlJLVigNHp},
  timestamp    = {Wed, 07 Aug 2024 17:11:53 +0200},
  biburl       = {https://dblp.org/rec/conf/iclr/XuSC24.bib},
  bibsource    = {dblp computer science bibliography, https://dblp.org}
}

@inproceedings{ColBERTv2,
  author       = {Keshav Santhanam and
                  Omar Khattab and
                  Jon Saad{-}Falcon and
                  Christopher Potts and
                  Matei Zaharia},
  editor       = {Marine Carpuat and
                  Marie{-}Catherine de Marneffe and
                  Iv{\'{a}}n Vladimir Meza Ru{\'{\i}}z},
  title        = {ColBERTv2: Effective and Efficient Retrieval via Lightweight Late
                  Interaction},
  booktitle    = {Proceedings of the 2022 Conference of the North American Chapter of
                  the Association for Computational Linguistics: Human Language Technologies,
                  {NAACL} 2022, Seattle, WA, United States, July 10-15, 2022},
  pages        = {3715--3734},
  publisher    = {Association for Computational Linguistics},
  year         = {2022},
  url          = {https://doi.org/10.18653/v1/2022.naacl-main.272},
  doi          = {10.18653/V1/2022.NAACL-MAIN.272},
  timestamp    = {Mon, 01 Aug 2022 16:28:04 +0200},
  biburl       = {https://dblp.org/rec/conf/naacl/SanthanamKSPZ22.bib},
  bibsource    = {dblp computer science bibliography, https://dblp.org}
}

@inproceedings{GTR,
  author       = {Jianmo Ni and
                  Chen Qu and
                  Jing Lu and
                  Zhuyun Dai and
                  Gustavo Hern{\'{a}}ndez {\'{A}}brego and
                  Ji Ma and
                  Vincent Y. Zhao and
                  Yi Luan and
                  Keith B. Hall and
                  Ming{-}Wei Chang and
                  Yinfei Yang},
  editor       = {Yoav Goldberg and
                  Zornitsa Kozareva and
                  Yue Zhang},
  title        = {Large Dual Encoders Are Generalizable Retrievers},
  booktitle    = {Proceedings of the 2022 Conference on Empirical Methods in Natural
                  Language Processing, {EMNLP} 2022, Abu Dhabi, United Arab Emirates,
                  December 7-11, 2022},
  pages        = {9844--9855},
  publisher    = {Association for Computational Linguistics},
  year         = {2022},
  url          = {https://doi.org/10.18653/v1/2022.emnlp-main.669},
  doi          = {10.18653/V1/2022.EMNLP-MAIN.669},
  timestamp    = {Thu, 10 Aug 2023 12:35:29 +0200},
  biburl       = {https://dblp.org/rec/conf/emnlp/Ni0LDAMZLHCY22.bib},
  bibsource    = {dblp computer science bibliography, https://dblp.org}
}

@inproceedings{BM25,
  author       = {Stephen E. Robertson and
                  Steve Walker},
  editor       = {W. Bruce Croft and
                  C. J. van Rijsbergen},
  title        = {Some Simple Effective Approximations to the 2-Poisson Model for Probabilistic
                  Weighted Retrieval},
  booktitle    = {Proceedings of the 17th Annual International {ACM-SIGIR} Conference
                  on Research and Development in Information Retrieval. Dublin, Ireland,
                  3-6 July 1994 (Special Issue of the {SIGIR} Forum)},
  pages        = {232--241},
  publisher    = {ACM/Springer},
  year         = {1994},
  url          = {https://doi.org/10.1007/978-1-4471-2099-5\_24},
  doi          = {10.1007/978-1-4471-2099-5\_24},
  timestamp    = {Thu, 14 Oct 2021 10:27:21 +0200},
  biburl       = {https://dblp.org/rec/conf/sigir/RobertsonW94.bib},
  bibsource    = {dblp computer science bibliography, https://dblp.org}
}

@inproceedings{raptor,
  author       = {Parth Sarthi and
                  Salman Abdullah and
                  Aditi Tuli and
                  Shubh Khanna and
                  Anna Goldie and
                  Christopher D. Manning},
  title        = {{RAPTOR:} Recursive Abstractive Processing for Tree-Organized Retrieval},
  booktitle    = {The Twelfth International Conference on Learning Representations,
                  {ICLR} 2024, Vienna, Austria, May 7-11, 2024},
  publisher    = {OpenReview.net},
  year         = {2024},
  url          = {https://openreview.net/forum?id=GN921JHCRw},
  timestamp    = {Wed, 07 Aug 2024 17:11:53 +0200},
  biburl       = {https://dblp.org/rec/conf/iclr/SarthiATKGM24.bib},
  bibsource    = {dblp computer science bibliography, https://dblp.org}
}

@article{Proposition,
  author       = {Tong Chen and
                  Hongwei Wang and
                  Sihao Chen and
                  Wenhao Yu and
                  Kaixin Ma and
                  Xinran Zhao and
                  Hongming Zhang and
                  Dong Yu},
  title        = {Dense {X} Retrieval: What Retrieval Granularity Should We Use?},
  journal      = {CoRR},
  volume       = {abs/2312.06648},
  year         = {2023},
  url          = {https://doi.org/10.48550/arXiv.2312.06648},
  doi          = {10.48550/ARXIV.2312.06648},
  eprinttype    = {arXiv},
  eprint       = {2312.06648},
  timestamp    = {Tue, 18 Jun 2024 22:14:29 +0200},
  biburl       = {https://dblp.org/rec/journals/corr/abs-2312-06648.bib},
  bibsource    = {dblp computer science bibliography, https://dblp.org}
}

@inproceedings{cmedqa,
  author       = {Xiongtao Cui and
                  Jungang Han},
  title        = {Chinese Medical Question Answer Matching Based on Interactive Sentence
                  Representation Learning},
  journal      = {CoRR},
  volume       = {abs/2011.13573},
  year         = {2020},
  url          = {https://arxiv.org/abs/2011.13573},
  eprinttype    = {arXiv},
  eprint       = {2011.13573},
  timestamp    = {Tue, 01 Dec 2020 14:59:59 +0100},
  biburl       = {https://dblp.org/rec/journals/corr/abs-2011-13573.bib},
  bibsource    = {dblp computer science bibliography, https://dblp.org}
}

@incollection{bioasq,
	doi = {10.1007/978-3-031-13643-6_22},
  
	url = {https://doi.org/10.1007%2F978-3-031-13643-6_22},
  
	year = 2022,
	publisher = {Springer International Publishing},
  
	pages = {337--361},
  
	author = {Anastasios Nentidis and Georgios Katsimpras and Eirini Vandorou and Anastasia Krithara and Antonio Miranda-Escalada and Luis Gasco and Martin Krallinger and Georgios Paliouras},
  
	title = {Overview of~{BioASQ} 2022: The Tenth {BioASQ} Challenge on~Large-Scale Biomedical Semantic Indexing and~Question Answering},
  
	booktitle = {Lecture Notes in Computer Science}
}

@article{zhang2024knowledge,
  title={A knowledge graphs representation method based on IsA relation modeling},
  author={Zhang, Pengfei and Chen, Dong and Fang, Yang and Xiao, Weidong and Zhao, Xiang and Tan, Zhen and Wang, Rui},
  journal={Expert Systems with Applications},
  pages={124468},
  year={2024},
  publisher={Elsevier}
}

@article{yikgfabric,
  title={KGFabric: A Scalable Knowledge Graph Warehouse for Enterprise Data Interconnection},
  author={Yi, Peng and Liang, Lei and Da Zhang, Yong Chen and Zhu, Jinye and Liu, Xiangyu and Tang, Kun and Chen, Jialin and Lin, Hao and Qiu, Leijie and Zhou, Jun}
}


@misc{onepass,
      title={OneGen: Efficient One-Pass Unified Generation and Retrieval for LLMs}, 
      author={Jintian Zhang and Cheng Peng and Mengshu Sun and Xiang Chen and Lei Liang and Zhiqiang Zhang and Jun Zhou and Huajun Chen and Ningyu Zhang},
      year={2024},
      eprint={2409.05152},
      archivePrefix={arXiv},
      primaryClass={cs.CL},
      url={https://arxiv.org/abs/2409.05152}, 
}

@article{liu2004conceptnet,
  title={ConceptNet—a practical commonsense reasoning tool-kit},
  author={Liu, Hugo and Singh, Push},
  journal={BT technology journal},
  volume={22},
  number={4},
  pages={211--226},
  year={2004},
  publisher={Springer}
}

@article{vrandevcic2014wikidata,
  title={Wikidata: a free collaborative knowledgebase},
  author={Vrande{\v{c}}i{\'c}, Denny and Kr{\"o}tzsch, Markus},
  journal={Communications of the ACM},
  volume={57},
  number={10},
  pages={78--85},
  year={2014},
  publisher={ACM New York, NY, USA}
}

@misc{sugre,
      title={Knowledge Graph-Augmented Language Models for Knowledge-Grounded Dialogue Generation}, 
      author={Minki Kang and Jin Myung Kwak and Jinheon Baek and Sung Ju Hwang},
      year={2023},
      eprint={2305.18846},
      archivePrefix={arXiv},
      primaryClass={cs.CL},
      url={https://arxiv.org/abs/2305.18846}, 
}

@misc{graphrag,
      title={From Local to Global: A Graph RAG Approach to Query-Focused Summarization}, 
      author={Darren Edge and Ha Trinh and Newman Cheng and Joshua Bradley and Alex Chao and Apurva Mody and Steven Truitt and Jonathan Larson},
      year={2024},
      eprint={2404.16130},
      archivePrefix={arXiv},
      primaryClass={cs.CL},
      url={https://arxiv.org/abs/2404.16130}, 
}

@article{Paulheim2016KnowledgeGR,
  title={Knowledge graph refinement: A survey of approaches and evaluation methods},
  author={Heiko Paulheim},
  journal={Semantic Web},
  year={2016},
  volume={8},
  pages={489-508},
  url={https://api.semanticscholar.org/CorpusID:13151033}
}

@misc{nodeclustering,
      title={Commonsense Knowledge Graph Completion Via Contrastive Pretraining and Node Clustering}, 
      author={Siwei Wu and Xiangqing Shen and Rui Xia},
      year={2023},
      eprint={2305.17019},
      archivePrefix={arXiv},
      primaryClass={cs.CL},
      url={https://arxiv.org/abs/2305.17019}, 
}

@misc{nl2sparql,
      title={Integrating Multi-Head Convolutional Encoders with Cross-Attention for Improved SPARQL Query Translation}, 
      author={Yi-Hui Chen and Eric Jui-Lin Lu and Kwan-Ho Cheng},
      year={2024},
      eprint={2408.13432},
      archivePrefix={arXiv},
      primaryClass={cs.CL},
      url={https://arxiv.org/abs/2408.13432}, 
}

@misc{nl2sql,
      title={Knowledge Base Question Answering: A Semantic Parsing Perspective}, 
      author={Yu Gu and Vardaan Pahuja and Gong Cheng and Yu Su},
      year={2022},
      eprint={2209.04994},
      archivePrefix={arXiv},
      primaryClass={cs.CL},
      url={https://arxiv.org/abs/2209.04994}, 
}

@misc{react,
      title={ReAct: Synergizing Reasoning and Acting in Language Models}, 
      author={Shunyu Yao and Jeffrey Zhao and Dian Yu and Nan Du and Izhak Shafran and Karthik Narasimhan and Yuan Cao},
      year={2023},
      eprint={2210.03629},
      archivePrefix={arXiv},
      primaryClass={cs.CL},
      url={https://arxiv.org/abs/2210.03629}, 
}

# RAG 
@misc{fan2024surveyragmeetingllms,
      title={A Survey on RAG Meeting LLMs: Towards Retrieval-Augmented Large Language Models}, 
      author={Wenqi Fan and Yujuan Ding and Liangbo Ning and Shijie Wang and Hengyun Li and Dawei Yin and Tat-Seng Chua and Qing Li},
      year={2024},
      eprint={2405.06211},
      archivePrefix={arXiv},
      primaryClass={cs.CL},
      url={https://arxiv.org/abs/2405.06211}, 
}

@misc{gao2024retrievalaugmentedgenerationlargelanguage,
      title={Retrieval-Augmented Generation for Large Language Models: A Survey}, 
      author={Yunfan Gao and Yun Xiong and Xinyu Gao and Kangxiang Jia and Jinliu Pan and Yuxi Bi and Yi Dai and Jiawei Sun and Meng Wang and Haofen Wang},
      year={2024},
      eprint={2312.10997},
      archivePrefix={arXiv},
      primaryClass={cs.CL},
      url={https://arxiv.org/abs/2312.10997}, 
}

@misc{hu2024ragrausurveyretrievalaugmented,
      title={RAG and RAU: A Survey on Retrieval-Augmented Language Model in Natural Language Processing}, 
      author={Yucheng Hu and Yuxing Lu},
      year={2024},
      eprint={2404.19543},
      archivePrefix={arXiv},
      primaryClass={cs.CL},
      url={https://arxiv.org/abs/2404.19543}, 
}

@misc{huang2024surveyretrievalaugmentedtextgeneration,
      title={A Survey on Retrieval-Augmented Text Generation for Large Language Models}, 
      author={Yizheng Huang and Jimmy Huang},
      year={2024},
      eprint={2404.10981},
      archivePrefix={arXiv},
      primaryClass={cs.IR},
      url={https://arxiv.org/abs/2404.10981}, 
}

@misc{wu2024retrievalaugmentedgenerationnaturallanguage,
      title={Retrieval-Augmented Generation for Natural Language Processing: A Survey}, 
      author={Shangyu Wu and Ying Xiong and Yufei Cui and Haolun Wu and Can Chen and Ye Yuan and Lianming Huang and Xue Liu and Tei-Wei Kuo and Nan Guan and Chun Jason Xue},
      year={2024},
      eprint={2407.13193},
      archivePrefix={arXiv},
      primaryClass={cs.CL},
      url={https://arxiv.org/abs/2407.13193}, 
}

@misc{yu2024evaluationretrievalaugmentedgenerationsurvey,
      title={Evaluation of Retrieval-Augmented Generation: A Survey}, 
      author={Hao Yu and Aoran Gan and Kai Zhang and Shiwei Tong and Qi Liu and Zhaofeng Liu},
      year={2024},
      eprint={2405.07437},
      archivePrefix={arXiv},
      primaryClass={cs.CL},
      url={https://arxiv.org/abs/2405.07437}, 
}

@misc{zhao2024retrievalaugmentedgenerationaigeneratedcontent,
      title={Retrieval-Augmented Generation for AI-Generated Content: A Survey}, 
      author={Penghao Zhao and Hailin Zhang and Qinhan Yu and Zhengren Wang and Yunteng Geng and Fangcheng Fu and Ling Yang and Wentao Zhang and Jie Jiang and Bin Cui},
      year={2024},
      eprint={2402.19473},
      archivePrefix={arXiv},
      primaryClass={cs.CV},
      url={https://arxiv.org/abs/2402.19473}, 
}

# GraphRAG
@misc{edge2024localglobalgraphrag,
      title={From Local to Global: A Graph RAG Approach to Query-Focused Summarization}, 
      author={Darren Edge and Ha Trinh and Newman Cheng and Joshua Bradley and Alex Chao and Apurva Mody and Steven Truitt and Jonathan Larson},
      year={2024},
      eprint={2404.16130},
      archivePrefix={arXiv},
      primaryClass={cs.CL},
      url={https://arxiv.org/abs/2404.16130}, 
}

@misc{grag,
      title={GRAG: Graph Retrieval-Augmented Generation}, 
      author={Yuntong Hu and Zhihan Lei and Zheng Zhang and Bo Pan and Chen Ling and Liang Zhao},
      year={2024},
      eprint={2405.16506},
      archivePrefix={arXiv},
      primaryClass={cs.LG},
      url={https://arxiv.org/abs/2405.16506}, 
}

@misc{gnnrag,
      title={GNN-RAG: Graph Neural Retrieval for Large Language Model Reasoning}, 
      author={Costas Mavromatis and George Karypis},
      year={2024},
      eprint={2405.20139},
      archivePrefix={arXiv},
      primaryClass={cs.CL},
      url={https://arxiv.org/abs/2405.20139}, 
}