@inproceedings{ZCH24,
  title={Unlocking the Hidden Treasures: Enhancing Recommendations with Unlabeled Data},
  author={Zhao, Yuhan and Chen, Rui and Han, Qilong and Song, Hongtao and Chen, Li},
  booktitle={RecSys},
  pages={247--256},
  year={2024}
}
@inproceedings{PCH24,
  title={Learning-Efficient Yet Generalizable Collaborative Filtering for Item Recommendation},
  author={Pu, Yuanhao and Chen, Xiaolong and Huang, Xu and Chen, Jin and Lian, Defu and Chen, Enhong},
  booktitle={ICML},
year={2024}
}
@inproceedings{YK20,
  title={On the Consistency of Top-K Surrogate Losses},
  author={Yang, Forest and Koyejo, Sanmi},
  booktitle={ICML},
  pages={10727--10735},
  year={2020}
}
@inproceedings{XLW08,
  title={Listwise Approach to Learning to Rank: Theory and Algorithm},
  author={Xia, Fen and Liu, Tie-Yan and Wang, Jue and Zhang, Wensheng and Li, Hang},
  booktitle={ICML},
  pages={1192--1199},
  year={2008}
}
@article{LSC21,
  title={Leveraging Distribution Alignment via Stein path for Cross-Domain Cold-Start Recommendation},
  author={Liu, Weiming and Su, Jiajie and Chen, Chaochao and Zheng, Xiaolin},
  journal={NeurIPS},
  pages={19223--19234},
  year={2021}
}
@inproceedings{LGZ24,
  title={Inverse Learning with Extremely Sparse Feedback for Recommendation},
  author={Lin, Guanyu and Gao, Chen and Zheng, Yu and Li, Yinfeng and Chang, Jianxin and Niu, Yanan and Song, Yang and Gai, Kun and Li, Zhiheng and Jin, Depeng and others},
  booktitle={WSDM},
  pages={396--404},
  year={2024}
}
@inproceedings{LLW19,
  title={Gradient Harmonized Single-Stage Detector},
  author={Li, Buyu and Liu, Yu and Wang, Xiaogang},
  booktitle={AAAI},
  pages={8577--8584},
  year={2019}
}
@inproceedings{GDH22,
  title={Self-Guided Learning to Denoise for Robust Recommendation},
  author={Gao, Yunjun and Du, Yuntao and Hu, Yujia and Chen, Lu and Zhu, Xinjun and Fang, Ziquan and Zheng, Baihua},
  booktitle={SIGIR},
  pages={1412--1422},
  year={2022}
}
@article{LWB07,
  title={McRank: Learning to Rank Using Multiple Classification and Gradient Boosting},
  author={Li, Ping and Wu, Qiang and Burges, Christopher},
  journal={NeurIPS},
  volume={20},
  year={2007}
}
@article{ZPL23,
  title={Coarse-to-Fine Contrastive Learning on Graphs},
  author={Zhao, Peiyao and Pan, Yuangang and Li, Xin and Chen, Xu and Tsang, Ivor W and Liao, Lejian},
  journal={IEEE Transactions on Neural Networks and Learning Systems},
  year={2023}
}
@article{SZM22,
  author       = {Jianlin Su and
                  Mingren Zhu and
                  Ahmed Murtadha and
                  Shengfeng Pan and
                  Bo Wen and
                  Yunfeng Liu},
  title        = {{ZLPR:} {A} Novel Loss for Multi-label Classification},
  journal      = {CoRR},
  volume       = {abs/2208.02955},
  year         = {2022}
}
@inproceedings{YPW23,
  title={Adatask: A Task-Aware Adaptive Learning Rate Approach to Multi-Task Learning},
  author={Yang, Enneng and Pan, Junwei and Wang, Ximei and Yu, Haibin and Shen, Li and Chen, Xihua and Xiao, Lei and Jiang, Jie and Guo, Guibing},
  booktitle={AAAI},
  pages={10745--10753},
  year={2023}
}
@inproceedings{SZC20,
  title={Which Tasks Should be Learned Together in Multi-Task Learning?},
  author={Standley, Trevor and Zamir, Amir and Chen, Dawn and Guibas, Leonidas and Malik, Jitendra and Savarese, Silvio},
  booktitle={ICML},
  pages={9120--9132},
  year={2020},
}
@inproceedings{SPU02,
  title={Methods and metrics for cold-start recommendations},
  author={Schein, Andrew I and Popescul, Alexandrin and Ungar, Lyle H and Pennock, David M},
  booktitle={SIGIR},
  pages={253--260},
  year={2002}
}
@inproceedings{YZL23,
  author = {Yonghui Yang and Zhengwei Wu and Le Wu and Kun Zhang and Richang Hong and Zhiqiang Zhang and Jun Zhou and Meng Wang},
  title = {Generative-Contrastive Graph Learning for Recommendation},
  booktitle= {SIGIR},
  pages = {1117--1126},
  year={2023}

}
@inproceedings{JHX23,
  author       = {Yangqin Jiang and
                  Chao Huang and
                  Lianghao Huang},
  title        = {Adaptive Graph Contrastive Learning for Recommendation},
  booktitle    = {KDD},
  pages        = {4252--4261},
  year         = {2023}
}
@article{SK09,
  title={A Survey of Collaborative Filtering Techniques},
  author={Su, Xiaoyuan and Khoshgoftaar, Taghi M},
  journal={Advances in Artificial Intelligence},
  volume={2009},
  year={2009},
}
@article{YXC23,
  title={XSimGCL: Towards Extremely Simple Graph Contrastive Learning for Recommendation},
  author={Yu, Junliang and Xia, Xin and Chen, Tong and Cui, Lizhen and Hung, Nguyen Quoc Viet and Yin, Hongzhi},
  journal={IEEE Transactions on Knowledge and Data Engineering},
  year={2023},
}
@inproceedings{BR18,
  title={Adaptive Sampled Softmax with Kernel based Sampling},
  author={Blanc, Guy and Rendle, Steffen},
  booktitle={ICML},
  pages={590--599},
  year={2018},
}
@inproceedings{CLJH22,
  title={Fast Variational Autoencoder with Inverted Multi-Index for Collaborative Filtering},
  author={Chen, Jin and Lian, Defu and Jin, Binbin and Huang, Xu and Zheng, Kai and Chen, Enhong},
  booktitle={WWW},
  pages={1944--1954},
  year={2022}
}
@inproceedings{PC13,
  title={GBPR: Group Preference based Bayesian Personalized Ranking for One-Class Collaborative Filtering},
  author={Pan, Weike and Chen, Li},
  booktitle={IJCAI},
  pages={2691--2697},
  year={2013}
}
@inproceedings{LCZ23,
  title={Disentangled Negative Sampling for Collaborative Filtering},
  author={Lai, Riwei and Chen, Li and Zhao, Yuhan and Chen, Rui and Han, Qilong},
  booktitle={WSDM},
  pages={96--104},
  year={2023}
}
@inproceedings{WWF21,
  title={Self-Supervised Graph Learning for Recommendation},
  author={Wu, Jiancan and Wang, Xiang and Feng, Fuli and He, Xiangnan and Chen, Liang and Lian, Jianxun and Xie, Xing},
  booktitle={SIGIR},
  pages={726--735},
  year={2021}
}
@inproceedings{ZCL23,
author = {Zhao, Yuhan and Chen, Rui and Lai, Riwei and Han, Qilong and Song, Hongtao and Chen, Li},
title = {Augmented Negative Sampling for Collaborative Filtering},
booktitle = {RecSys},
pages = {256â€“266},
year = {2023}
}
@article{EI12,
  title={Transitivity and The Money Pump},
  author={Block, Walter E and Barnett, II and Others},
  journal={Quarterly Journal of Austrian Economics},
  volume={15},
  year={2012}
}
@article{TA69,
  title={Intransitivity of Preferences},
  author={Tversky, Amos},
  journal={Psychological review},
  volume={76},
  year={1969}
}
@article{MA15,
  title={The Movielens Datasets: History and Context},
  author={Harper, F Maxwell and Konstan, Joseph A},
  journal={Acm Transactions on Interactive Intelligent Systems (tiis)},
  volume={5},
  year={2015}
}
@inproceedings{JMA12,
  author={Levandoski, Justin J. and Sarwat, Mohamed and Eldawy, Ahmed and Mokbel, Mohamed F.},
  booktitle={ICDE}, 
  title={LARS: A Location-Aware Recommender System}, 
  year={2012},
  pages={450-461}
}

@article{MJA14,
  title={Lars*: An Efficient and Scalable Location-Aware Recommender System},
  author={Sarwat, Mohamed and Levandoski, Justin J and Eldawy, Ahmed and Mokbel, Mohamed F},
  journal={IEEE Transactions on Knowledge and Data Engineering},
  volume={26},
  year={2014}
}
@inproceedings{ESJ11,
  title={Friendship and Mobility: User Movement in Location-based Social Networks},
  author={Cho, Eunjoon and Myers, Seth A and Leskovec, Jure},
  booktitle={KDD},
  pages={1082--1090},
  year={2011}
}
@inproceedings{GCP22,
  author       = {Zhaolin Gao and
                  Zhaoyue Cheng and
                  Felipe P{\'{e}}rez and
                  Jianing Sun and
                  Maksims Volkovs},

  title        = {{MCL:} Mixed-Centric Loss for Collaborative Filtering},
  booktitle    = {WWW},
  pages        = {2339--2347},
  year         = {2022}
}
@inproceedings{CAS16,
  author       = {Paul Covington and
                  Jay Adams and
                  Emre Sargin},
  title        = {Deep Neural Networks for YouTube Recommendations},
  booktitle    = {RecSys},
  pages        = {191--198},
  year         = {2016}

}

@article{ABB94,
author = {Noga Alon and Bela Bollobas and Graham Brightwell and Svante Janson},
title = {{Linear Extensions of a Random Partial Order}},
volume = {4},
journal = {The Annals of Applied Probability},
year = {1994}

}
@inproceedings{MG17,
  author       = {Lucas Maystre and
                  Matthias Grossglauser},
  title        = {Just Sort It! {A} Simple and Effective Approach to Active Preference
                  Learning},
  booktitle    = {ICML},
  pages        = {2344--2353},
  year         = {2017}
}
@inproceedings{HYC17,
  author       = {Cheng{-}Kang Hsieh and
                  Longqi Yang and
                  Yin Cui and
                  Tsung{-}Yi Lin and
                  Serge J. Belongie and
                  Deborah Estrin},
  title        = {Collaborative Metric Learning},
  booktitle    = {WWW},
  pages        = {193--201},
  year         = {2017}
}

@inproceedings{MJE20,
  title={A Unifying Mutual Information View of Metric Learning: Cross-entropy vs. Pairwise Losses},
  author={Boudiaf, Malik and Rony, J{\'e}r{\^o}me and Ziko, Imtiaz Masud and Granger, Eric and Pedersoli, Marco and Piantanida, Pablo and Ayed, Ismail Ben},
  booktitle={ECCV},
  pages={548--564},
  year={2020},
}
@inproceedings{HDW20,
  title={LightGCN: Simplifying and Powering Graph Convolution Network for Recommendation},
  author={He, Xiangnan and Deng, Kuan and Wang, Xiang and Li, Yan and Zhang, Yongdong and Wang, Meng},
  booktitle={SIGIR},
  pages={639--648},
  year={2020}
}
@inproceedings{HLZ17,
  title={Neural Collaborative Filtering},
  author={He, Xiangnan and Liao, Lizi and Zhang, Hanwang and Nie, Liqiang and Hu, Xia and Chua, Tat-Seng},
  booktitle={WWW},
  pages={173--182},
  year={2017}
}
@inproceedings{WHW19,
  title={Neural Graph Collaborative Filtering},
  author={Wang, Xiang and He, Xiangnan and Wang, Meng and Feng, Fuli and Chua, Tat-Seng},
  booktitle={SIGIR},
  pages={165--174},
  year={2019}
}
@inproceedings{WFH21,
  title={Denoising Implicit Feedback for Recommendation},
  author={Wang, Wenjie and Feng, Fuli and He, Xiangnan and Nie, Liqiang and Chua, Tat-Seng},
  booktitle={WSDM},
  pages={373--381},
  year={2021}
}
@article{DQY20,
  title={Simplify and Robustify Negative Sampling for Implicit Collaborative Filtering},
  author={Ding, Jingtao and Quan, Yuhan and Yao, Quanming and Li, Yong and Jin, Depeng},
  journal={NeurIPS},
  volume={33},
  year={2020}
}
@inproceedings{CSS17,
  title={On Sampling Strategies for Neural Network-based Collaborative Filtering},
  author={Chen, Ting and Sun, Yizhou and Shi, Yue and Hong, Liangjie},
  booktitle={KDD},
  pages={767--776},
  year={2017}
}
@article{CZZ20,
  title={Efficient Neural Matrix Factorization without Sampling for Recommendation},
  author={Chen, Chong and Zhang, Min and Zhang, Yongfeng and Liu, Yiqun and Ma, Shaoping},
  journal={ACM Transactions on Information Systems (TOIS)},
  volume={38},
  year={2020}
}

@inproceedings{RFG12,
  author       = {Rendle, Steffen and Freudenthaler, Christoph and Gantner, Zeno and Schmidt-Thieme},
  title        = {{BPR:} Bayesian Personalized Ranking from Implicit Feedback},
  booktitle    = {UAI},
  pages        = {452--461},
  year         = {2009}

}
@inproceedings{ZZH22,
  title={A Gain-Tuning Dynamic Negative Sampler for Recommendation},
  author={Zhu, Qiannan and Zhang, Haobo and He, Qing and Dou, Zhicheng},
  booktitle={WWW},
  pages={277--285},
  year={2022}
}
@inproceedings{ZCW13,
  title={Optimizing Top-N Collaborative Filtering via Dynamic Negative Item Sampling},
  author={Zhang, Weinan and Chen, Tianqi and Wang, Jun and Yu, Yong},
  booktitle={SIGIR},
  pages={785--788},
  year={2013}
}
@inproceedings{MZW21,
  title={SimpleX: A Simple and Strong Baseline for Collaborative Filtering},
  author={Mao, Kelong and Zhu, Jieming and Wang, Jinpeng and Dai, Quanyu and Dong, Zhenhua and Xiao, Xi and He, Xiuqiang},
  booktitle={CIKM},
  pages={1243--1252},
  year={2021}
}

@inproceedings{WWS22,
  title={Semi-Supervised Semantic Segmentation using Unreliable Pseudo-Labels},
  author={Wang, Yuchao and Wang, Haochen and Shen, Yujun and Fei, Jingjing and Li, Wei and Jin, Guoqiang and Wu, Liwei and Zhao, Rui and Le, Xinyi},
  booktitle={CVPR},
  pages={4248--4257},
  year={2022}
}

@article{BD20,
  title={Learning from Positive and Unlabeled Data: A Survey},
  author={Bekker, Jessa and Davis, Jesse},
  journal={Machine Learning},
  volume={109},
  year={2020}
}
@article{HLW18,
  title={Instance-Dependent PU Learning by Bayesian Optimal Relabeling},
  author={He, Fengxiang and Liu, Tongliang and Webb, Geoffrey I and Tao, Dacheng},
  journal={CoRR},
  volume={abs/1808.02180},
  year={2018}
}
@inproceedings{GWY18,
  title={Margin based PU Learning},
  author={Gong, Tieliang and Wang, Guangtao and Ye, Jieping and Xu, Zongben and Lin, Ming},
  booktitle={AAAI},
  pages={3037--3044},
  year={2018}
}
@inproceedings{YKY21,
  title={Accurate Graph-based PU Learning without Class Prior},
  author={Yoo, Jaemin and Kim, Junghun and Yoon, Hoyoung and Kim, Geonsoo and Jang, Changwon and Kang, U},
  booktitle={ICDM},
  pages={827--836},
  year={2021}
}
@inproceedings{CCC20,
  title={Self-PU: Self Boosted and Calibrated Positive-Unlabeled Training},
  author={Chen, Xuxi and Chen, Wuyang and Chen, Tianlong and Yuan, Ye and Gong, Chen and Chen, Kewei and Wang, Zhangyang},
  booktitle={ICML},
  pages={1510--1519},
  year={2020}
}
@article{TFW14,
  title={Is Neutral Really Neutral? The Effects of Neutral User-Generated Content on Product Sales},
  author={Tang, Tanya and Fang, Eric and Wang, Feng},
  journal={Journal of Marketing},
  volume={78},
  year={2014}
}
@article{BBL12,
  title={To Buy or not to Buy: Influence of Seller Photos and Reputation on Buyer Trust and Purchase Behavior},
  author={Bente, Gary and Baptist, Odile and Leuschner, Haug},
  journal={International Journal of Human-Computer Studies},
  volume={70},
  year={2012}
}
@inproceedings{KLK22,
  title={Consensus Learning from Heterogeneous Objectives for One-Class Collaborative Filtering},
  author={Kang, SeongKu and Lee, Dongha and Kweon, Wonbin and Hwang, Junyoung and Yu, Hwanjo},
  booktitle={WWW},
  pages={1965--1976},
  year={2022}
}
@inproceedings{CLJ22,
  title={Learning Recommenders for Implicit Feedback with Importance Resampling},
  author={Chen, Jin and Lian, Defu and Jin, Binbin and Zheng, Kai and Chen, Enhong},
  booktitle={WWW},
  pages={1997--2005},
  year={2022}
}
@inproceedings{RF14,
  title={Improving Pairwise Learning for Item Recommendation from Implicit Feedback},
  author={Rendle, Steffen and Freudenthaler, Christoph},
  booktitle={WSDM},
  pages={273--282},
  year={2014}
}
@inproceedings{WYZ17,
  title={IRGAN: A Minimax Game for Unifying Generative and Discriminative Information Retrieval Models},
  author={Wang, Jun and Yu, Lantao and Zhang, Weinan and Gong, Yu and Xu, Yinghui and Wang, Benyou and Zhang, Peng and Zhang, Dell},
  booktitle={SIGIR},
  pages={515--524},
  year={2017}
}
@inproceedings{DQH19,
  title={Reinforced Negative Sampling for Recommendation with Exposure Data.},
  author={Ding, Jingtao and Quan, Yuhan and He, Xiangnan and Li, Yong and Jin, Depeng},
  booktitle={IJCAI},
  pages={2230--2236},
  year={2019}
}
@inproceedings{HDD21,
  title={MixGCF: An Improved Training Method for Graph Neural Network-based Recommender Systems},
  author={Huang, Tinglin and Dong, Yuxiao and Ding, Ming and Yang, Zhen and Feng, Wenzheng and Wang, Xinyu and Tang, Jie},
  booktitle={KDD},
  pages={665--674},
  year={2021}
}
@inproceedings{WYM22,
  title={Towards Representation Alignment and Uniformity in Collaborative Filtering},
  author={Wang, Chenyang and Yu, Yuanqing and Ma, Weizhi and Zhang, Min and Chen, Chong and Liu, Yiqun and Ma, Shaoping},
  booktitle={KDD},
  pages={1816--1825},
  year={2022}
}
@inproceedings{ZZY22,
  title={Learning Explicit User Interest Boundary for Recommendation},
  author={Zhuo, Jianhuan and Zhu, Qiannan and Yue, Yinliang and Zhao, Yuhong},
  booktitle={WWW},
  pages={193--202},
  year={2022}
}
@inproceedings{WI20,
  title={Understanding Contrastive Representation Learning through Alignment and Uniformity on the Hypersphere},
  author={Wang, Tongzhou and Isola, Phillip},
  booktitle={ICML},
  pages={9929--9939},
  year={2020}
}
@inproceedings{YYX22,
  title={Are Graph Augmentations Necessary? Simple Graph Contrastive Learning for Recommendation},
  author={Yu, Junliang and Yin, Hongzhi and Xia, Xin and Chen, Tong and Cui, Lizhen and Nguyen, Quoc Viet Hung},
  booktitle={SIGIR},
  pages={1294--1303},
  year={2022}
}

@inproceedings{GB10,
  title={Understanding the Difficulty of Training Deep Feedforward Neural Networks},
  author={Glorot, Xavier and Bengio, Yoshua},
  booktitle={AISTATS},
  pages={249--256},
  year={2010}
}
@inproceedings{KB14,
  author       = {Diederik P. Kingma and
                  Jimmy Ba},
  title        = {Adam: {A} Method for Stochastic Optimization},
  booktitle    = {ICML},
  year         = {2015}
}

@inproceedings{ZMH21,
  title={Recbole: Towards a unified, comprehensive and efficient framework for recommendation algorithms},
  author={Zhao, Wayne Xin and Mu, Shanlei and Hou, Yupeng and Lin, Zihan and Chen, Yushuo and Pan, Xingyu and Li, Kaiyuan and Lu, Yujie and Wang, Hui and Tian, Changxin and others},
  booktitle={CIKM},
  pages={4653--4664},
  year={2021}
}
@article{GWS21,
  title={Mixture Proportion Estimation and PU Learning: a Modern Approach},
  author={Garg, Saurabh and Wu, Yifan and Smola, Alexander J and Balakrishnan, Sivaraman and Lipton, Zachary},
  journal={NeurIPS},
  volume={34},
  year={2021}
}
@inproceedings{CCC22,
  title={The Datasets Dilemma: How Much Do We Really Know About Recommendation Datasets?},
  author={Chin, Jin Yao and Chen, Yile and Cong, Gao},
  booktitle={WSDM},
  pages={141--149},
  year={2022}
}
@inproceedings{GSS14,
  author       = {Ian J. Goodfellow and
                  Jonathon Shlens and
                  Christian Szegedy},
  title        = {Explaining and Harnessing Adversarial Examples},
  booktitle    = {ICLR},
  year         = {2015}
}

@inproceedings{HHD18,
  title={Adversarial Personalized Ranking for Recommendation},
  author={He, Xiangnan and He, Zhankui and Du, Xiaoyu and Chua, Tat-Seng},
  booktitle={SIGIR},
  pages={355--364},
  year={2018}
}
@inproceedings{ZCZ23,
  author       = {Chi Zhang and
                  Rui Chen and
                  Xiangyu Zhao and
                  Qilong Han and
                  Li Li},
  title        = {Denoising and Prompt-Tuning for Multi-Behavior Recommendation},
  booktitle    = {WWW},
  pages        = {1355--1363},
  year         = {2023}
}
@inproceedings{YLW20,
  title={Learning Transferrable Parameters for Long-Tailed Sequential User Behavior Modeling},
  author={Yin, Jianwen and Liu, Chenghao and Wang, Weiqing and Sun, Jianling and Hoi, Steven CH},
  booktitle={KDD},
  pages={359--367},
  year={2020}
}
@inproceedings{WTL20,
  title={Disenhan: Disentangled Heterogeneous Graph Attention Network for Recommendation},
  author={Wang, Yifan and Tang, Suyao and Lei, Yuntong and Song, Weiping and Wang, Sheng and Zhang, Ming},
  booktitle={CIKM},
  pages={1605--1614},
  year={2020}
}
@inproceedings{YYG21,
  title={Socially-Aware Self-Supervised Tri-training for Recommendation},
  author={Yu, Junliang and Yin, Hongzhi and Gao, Min and Xia, Xin and Zhang, Xiangliang and Viet Hung, Nguyen Quoc},
  booktitle={KDD},
  pages={2084--2092},
  year={2021}
}
@inproceedings{SGZ20,
  title={A Framework for Recommending Accurate and Diverse Items using Bayesian Graph Convolutional Neural Networks},
  author={Sun, Jianing and Guo, Wei and Zhang, Dengcheng and Zhang, Yingxue and Regol, Florence and Hu, Yaochen and Guo, Huifeng and Tang, Ruiming and Yuan, Han and He, Xiuqiang and others},
  booktitle={KDD},
  pages={2030--2039},
  year={2020}
}
@article{BGZ17,
  title={Tapas: Two-pass Approximate Adaptive Sampling for Softmax},
  author={Bai, Yu and Goldman, Sally and Zhang, Li},
  journal={CoRR},
  volume={abs/1707.03073},
  year={2017}
}
@inproceedings{ZLL19,
  title={Attributed Graph Clustering via Adaptive Graph Convolution},
  author={Zhang, Xiaotong and Liu, Han and Li, Qimai and Wu, Xiao-Ming},
  booktitle={IJCAI},
  pages={4327--4333},
  year={2019}
}
@inproceedings{WPH19,
  title={Attributed Graph Clustering: A Deep Attentional Embedding Approach},
  author={Wang, Chun and Pan, Shirui and Hu, Ruiqi and Long, Guodong and Jiang, Jing and Zhang, Chengqi},
  booktitle={IJCAI},
  pages={3670--3676},
  year={2019}
}
@article{CAG20,
  title={Partial Optimal Tranport with Applications on Positive-Unlabeled Learning},
  author={Chapel, Laetitia and Alaya, Mokhtar Z and Gasso, Gilles},
  journal={NeurIPS},
  volume={33},
  year={2020}
}