@misc{DALLE2,
	title = {DALL-E-2, https://openai.com/product/dall-e-2},
	author = {OpenAI},
	year = {2023}
}

@misc{midjourney,
	title = {https://www.midjourney.com/},
	author = {Midjourney},
	year = {2023}
}

@misc{heathen,
	author       = "Heathen",
	title        = "Hypernetwork Style Training, a tiny guide, stable-diffusion-webui,
https://github.com/AUTOMATIC1111/stable-diffusion-webui/discussions/2670",
	year         = "2022",
}

@misc{nai,
	author       = "Kurumuz",
	title        = "NovelAI Improvements on Stable Diffusion, https://blog.novelai.net/novelai-improvements-on-stable-diffusion-e10d38db82ac",
	year         = "2022",
}

@misc{Anime2Sketch,
	author = {Xiaoyu Xiang and Ding Liu and Xiao Yang and Yiheng Zhu and Xiaohui Shen},
	title = {Anime2Sketch: A Sketch Extractor for Anime Arts with Deep Networks, https://github.com/Mukosame/Anime2Sketch},
	year = {2021},
}

@misc{danbooru2021,
    author = {Gwern Branwen},    
    title = {Danbooru2021: A Large-Scale Crowdsourced and Tagged Anime Illustration Dataset},
    year = {2022}}

@misc{protogen,
	author = {darkstorm2150},
	title = {Protogen x3.4 (Photorealism) Official Release, https://civitai.com/models/3666/protogen-x34-photorealism-official-release},
	year = {2022},
}

@misc{comicdiff,
	author = {ogkalu},
	title = {Comic-Diffusion V2, Trained on 6 styles at once, https://huggingface.co/ogkalu/Comic-Diffusion},
	year = {2022},
}

@article{glide,
  author       = {Alex Nichol and
                  Prafulla Dhariwal and
                  Aditya Ramesh and
                  Pranav Shyam and
                  Pamela Mishkin and
                  Bob McGrew and
                  Ilya Sutskever and
                  Mark Chen},
  title        = {{GLIDE:} Towards Photorealistic Image Generation and Editing with
                  Text-Guided Diffusion Models},
  journal      = {CoRR},
  year         = {2021},
  eprinttype    = {arXiv},
}

@misc{waifu,
	author       = "Anthony Mercurio",
	title        = "Waifu Diffusion",
	year         = "2022",
}


@misc{sdd,
	author = {Stability},	
	title = {Stable Diffusion v2 Model Card, Stable-Diffusion-2-Depth, https://huggingface.co/stabilityai/stable-diffusion-2-depth}, 
	year = {2022},
}

@misc{sd15,
	author = {Stability},	
	title = {Stable Diffusion v1.5 Model Card, https://huggingface.co/runwayml/stable-diffusion-v1-5}, 
	year = {2022},
}

@misc{sddcost,
	author = {Emad Mostaque},	
	title = {Stable Diffusion Training Costs on 256 A100, https://twitter.com/EMostaque/status/1563870674111832066}, 
	year = {2022},
}

@misc{arfin2020weight,
	author = {Afrin, Sadia},	
	title = {Weight Initialization in Neural Network, inspired by Andrew Ng, https://medium.com/@safrin1128/weight-initialization-in-neural-network-inspired-by-andrew-ng-e0066dc4a566}, 
	year = {2020},
}

@inproceedings{ha2017hypernetworks,
	title={HyperNetworks},
	author={David Ha and Andrew M. Dai and Quoc V. Le},
	booktitle={International Conference on Learning Representations},
	year={2017},
}

@inproceedings{rombach2021highresolution,
  title={High-resolution image synthesis with latent diffusion models},
  author={Rombach, Robin and Blattmann, Andreas and Lorenz, Dominik and Esser, Patrick and Ommer, Bj{\"o}rn},
  booktitle={Proceedings of the IEEE/CVF Conference on Computer Vision and Pattern Recognition},
  pages={10684--10695},
  year={2022}
}

@inproceedings{alaluf2022hyperstyle,
  title={Hyperstyle: Stylegan inversion with hypernetworks for real image editing},
  author={Alaluf, Yuval and Tov, Omer and Mokady, Ron and Gal, Rinon and Bermano, Amit},
  booktitle={Proceedings of the IEEE/CVF Conference on Computer Vision and Pattern Recognition},
  pages={18511--18521},
  year={2022}
}

@inproceedings{dinh2022hyperinverter,
	author = {Tan M. Dinh and Anh Tuan Tran and Rang Nguyen and Binh-Son Hua},
	booktitle = {Proceedings of the IEEE/CVF Conference on Computer Vision and Pattern Recognition},
	pages = {11389-11398},
	title = {Hyperinverter: Improving stylegan inversion via hypernetwork},
	year = {2022},
}

@inproceedings{shamsian2021personalized,
	author = {Aviv Shamsian and Aviv Navon and Ethan Fetaya and Gal Chechik},
	booktitle = {International Conference on Machine Learning},
	pages = {9489-9502},
	publisher = {PMLR},
	title = {Personalized federated learning using hypernetworks},
	year = {2021},
}


@inproceedings{sohl2015deep,
  title={Deep unsupervised learning using nonequilibrium thermodynamics},
  author={Sohl-Dickstein, Jascha and Weiss, Eric and Maheswaranathan, Niru and Ganguli, Surya},
  booktitle={International Conference on Machine Learning},
  pages={2256--2265},
  year={2015},
  organization={PMLR}
}


@article{kingma2021variational,
  title={Variational diffusion models},
  author={Kingma, Diederik and Salimans, Tim and Poole, Ben and Ho, Jonathan},
  journal={Advances in Neural Information Processing Systems},
  volume={34},
  pages={21696--21707},
  year={2021}
}

@inproceedings{ronneberger2015u,
	author = {Olaf Ronneberger and Philipp Fischer and Thomas Brox},
	  booktitle={Medical Image Computing and Computer-Assisted Intervention MICCAI International Conference},
	pages = {234-241},
	title = {U-net: Convolutional networks for biomedical image segmentation},
	year = {2015},
}

@article{ho2020denoising,
        author={Ho, Jonathan and Jain, Ajay and Abbeel, Pieter},
        journal={Advances in Neural Information Processing Systems},
	title = {Denoising diffusion probabilistic models},
	year = {2020},
}

@inproceedings{song2021scorebased,
	author = {Yang Song and Jascha Sohl{-}Dickstein and Diederik P. Kingma and Abhishek Kumar and Stefano Ermon and Ben Poole},
        booktitle={International Conference on Learning Representations},
	pages = {13456},
	title = {Score-based generative modeling through stochastic differential equations},
	volume = {2011},
	year = {2020},
}

@article{dhariwal2021diffusion,
  title={Diffusion models beat gans on image synthesis},
  author={Dhariwal, Prafulla and Nichol, Alexander},
  journal={Advances in Neural Information Processing Systems},
  volume={34},
  pages={8780--8794},
  year={2021}
}

@article{song2021denoising,
	author = {Jiaming Song and Chenlin Meng and Stefano Ermon},
        booktitle={International Conference on Learning Representations},
	title = {Denoising diffusion implicit models},
	year = {2021},
}

@article{san2021noise,
  title={Noise estimation for generative diffusion models},
  author={San-Roman, Robin and Nachmani, Eliya and Wolf, Lior},
  journal={arXiv preprint arXiv:2104.02600},
  year={2021}
}

@article{kong2021fast,
  title={On fast sampling of diffusion probabilistic models},
  author={Kong, Zhifeng and Ping, Wei},
  journal={International Conference on Machine Learning Workshop on Invertible Neural Networks, Normalizing Flows, and Explicit Likelihood Models},
  year={2021}
}

@article{ho2022cascaded,
  title={Cascaded Diffusion Models for High Fidelity Image Generation.},
  author={Ho, Jonathan and Saharia, Chitwan and Chan, William and Fleet, David J and Norouzi, Mohammad and Salimans, Tim},
  journal={J. Mach. Learn. Res.},
  volume={23},
  number={47},
  pages={1--33},
  year={2022}
}

@article{vahdat2021score,
  title={Score-based generative modeling in latent space},
  author={Vahdat, Arash and Kreis, Karsten and Kautz, Jan},
  journal={Advances in Neural Information Processing Systems},
  volume={34},
  pages={11287--11302},
  year={2021}
}

@inproceedings{esser2021taming,
  title={Taming transformers for high-resolution image synthesis},
  author={Esser, Patrick and Rombach, Robin and Ommer, Bjorn},
  booktitle={Proceedings of the IEEE/CVF Conference on Computer Vision and Pattern Recognition},
  pages={12873--12883},
  year={2021}
}


@inproceedings{saharia2022palette,
	author = {Saharia, Chitwan and Chan, William and Chang, Huiwen and Lee, Chris and Ho, Jonathan and Salimans, Tim and Fleet, David and Norouzi, Mohammad},
	title = {Palette: Image-to-Image Diffusion Models},
	year = {2022},
	isbn = {9781450393379},
	publisher = {Association for Computing Machinery},
	address = {New York, NY, USA},
	booktitle = {ACM SIGGRAPH 2022 Conference Proceedings},
	articleno = {15},
	numpages = {10},
	keywords = {Deep learning, Diffusion models., Generative models},
	location = {Vancouver, BC, Canada},
	series = {SIGGRAPH '22}
}

@article{nichol2021glide,
	title={Glide: Towards photorealistic image generation and editing with text-guided diffusion models},
	author={Nichol, Alex and Dhariwal, Prafulla and Ramesh, Aditya and Shyam, Pranav and Mishkin, Pamela and McGrew, Bob and Sutskever, Ilya and Chen, Mark},
	booktitle={International Conference on Machine Learning},
	year={2022},
        organization={PMLR}
}


@article{ramesh2022hierarchical,
	title={Hierarchical text-conditional image generation with clip latents},
	author={Ramesh, Aditya and Dhariwal, Prafulla and Nichol, Alex and Chu, Casey and Chen, Mark},
	journal={arXiv preprint arXiv:2204.06125},
	year={2022}
}

@article{saharia2022photorealistic,
	title={Photorealistic Text-to-Image Diffusion Models with Deep Language Understanding},
	author={Saharia, Chitwan and Chan, William and Saxena, Saurabh and Li, Lala and Whang, Jay and Denton, Emily and Ghasemipour, Seyed Kamyar Seyed and Ayan, Burcu Karagol and Mahdavi, S Sara and Lopes, Rapha Gontijo and others},
	journal={arXiv preprint arXiv:2205.11487},
	year={2022}
}


@article{yu2022scaling,
  title={Scaling autoregressive models for content-rich text-to-image generation},
  author={Yu, Jiahui and Xu, Yuanzhong and Koh, Jing Yu and Luong, Thang and Baid, Gunjan and Wang, Zirui and Vasudevan, Vijay and Ku, Alexander and Yang, Yinfei and Ayan, Burcu Karagol and others},
  journal={arXiv preprint arXiv:2206.10789},
  year={2022}
}


@article{brooks2022instructpix2pix,
  title={Instructpix2pix: Learning to follow image editing instructions},
  author={Brooks, Tim and Holynski, Aleksander and Efros, Alexei A},
  journal={arXiv preprint arXiv:2211.09800},
  year={2022}
}

@article{parmar2023zero,
  title={Zero-shot Image-to-Image Translation},
  author={Parmar, Gaurav and Singh, Krishna Kumar and Zhang, Richard and Li, Yijun and Lu, Jingwan and Zhu, Jun-Yan},
  journal={arXiv preprint arXiv:2302.03027},
  year={2023}
}

@article{pnpDiffusion2022,
	author  = {Narek Tumanyan and Michal Geyer and Shai Bagon and Tali Dekel},
	title   = {Plug-and-Play Diffusion Features for Text-Driven Image-to-Image Translation},
	journal = {arXiv preprint arXiv:2211.12572},
	year    = {2022},
}

@article{bashkirova2023masksketch,
  title={MaskSketch: Unpaired Structure-guided Masked Image Generation},
  author={Bashkirova, Dina and Lezama, Jose and Sohn, Kihyuk and Saenko, Kate and Essa, Irfan},
  journal={arXiv preprint arXiv:2302.05496},
  year={2023}
}

@article{huang2023region,
  title={Region-Aware Diffusion for Zero-shot Text-driven Image Editing},
  author={Huang, Nisha and Tang, Fan and Dong, Weiming and Lee, Tong-Yee and Xu, Changsheng},
  journal={arXiv preprint arXiv:2302.11797},
  year={2023}
}

@article{bar2023multidiffusion,
	title={MultiDiffusion: Fusing Diffusion Paths for Controlled Image Generation},
	author={Bar-Tal, Omer and Yariv, Lior and Lipman, Yaron and Dekel, Tali},
	journal={arXiv preprint arXiv:2302.08113},
	year={2023}
}

@article{mou2023t2i,
  title={T2I-Adapter: Learning Adapters to Dig out More Controllable Ability for Text-to-Image Diffusion Models},
  author={Mou, Chong and Wang, Xintao and Xie, Liangbin and Zhang, Jian and Qi, Zhongang and Shan, Ying and Qie, Xiaohu},
  journal={arXiv preprint arXiv:2302.08453},
  year={2023}
}

@article{lhhuang2023composer,
	title={Composer: Creative and Controllable Image Synthesis with Composable Conditions},
	author={Huang, Lianghua and Chen, Di and Liu, Yu and Yujun, Shen and Zhao, Deli and Jingren, Zhou},
	booktitle={arXiv preprint arxiv:2302.09778},
	year={2023}
}


@inproceedings{kwon2022clipstyler,
	title={Clipstyler: Image style transfer with a single text condition},
	author={Kwon, Gihyun and Ye, Jong Chul},
	booktitle={Proceedings of the IEEE/CVF Conference on Computer Vision and Pattern Recognition},
	pages={18062--18071},
	year={2022}
}

@inproceedings{kim2022diffusionclip,
	title={DiffusionCLIP: Text-Guided Diffusion Models for Robust Image Manipulation},
	author={Kim, Gwanghyun and Kwon, Taesung and Ye, Jong Chul},
	booktitle={Proceedings of the IEEE/CVF Conference on Computer Vision and Pattern Recognition},
	pages={2426--2435},
	year={2022}
}

@inproceedings{avrahami2022blended,
	title={Blended diffusion for text-driven editing of natural images},
	author={Avrahami, Omri and Lischinski, Dani and Fried, Ohad},
	booktitle={Proceedings of the IEEE/CVF Conference on Computer Vision and Pattern Recognition},
	pages={18208--18218},
	year={2022}
}

@inproceedings{bar2022text2live,
	title={Text2live: Text-driven layered image and video editing},
	author={Bar-Tal, Omer and Ofri-Amar, Dolev and Fridman, Rafail and Kasten, Yoni and Dekel, Tali},
	booktitle={European Conference on Computer Vision (ECCV)},
	pages={707--723},
	year={2022},
	organization={Springer}
}


@inproceedings{meng2021sdedit,
	title={Sdedit: Guided image synthesis and editing with stochastic differential equations},
	author={Meng, Chenlin and He, Yutong and Song, Yang and Song, Jiaming and Wu, Jiajun and Zhu, Jun-Yan and Ermon, Stefano},
	booktitle={International Conference on Learning Representations},
	year={2021}
}

@article{kawar2022imagic,
	title={Imagic: Text-Based Real Image Editing with Diffusion Models},
	author={Kawar, Bahjat and Zada, Shiran and Lang, Oran and Tov, Omer and Chang, Huiwen and Dekel, Tali and Mosseri, Inbar and Irani, Michal},
	journal={arXiv preprint arXiv:2210.09276},
	year={2022}
}

@article{hertz2022prompt,
	title={Prompt-to-prompt image editing with cross attention control},
	author={Hertz, Amir and Mokady, Ron and Tenenbaum, Jay and Aberman, Kfir and Pritch, Yael and Cohen-Or, Daniel},
	journal={arXiv preprint arXiv:2208.01626},
	year={2022}
}

@article{gal2022image,
	title={An image is worth one word: Personalizing text-to-image generation using textual inversion},
	author={Gal, Rinon and Alaluf, Yuval and Atzmon, Yuval and Patashnik, Or and Bermano, Amit H and Chechik, Gal and Cohen-Or, Daniel},
	journal={arXiv preprint arXiv:2208.01618},
	year={2022}
}

@article{ruiz2022dreambooth,
	title={Dreambooth: Fine tuning text-to-image diffusion models for subject-driven generation},
	author={Ruiz, Nataniel and Li, Yuanzhen and Jampani, Varun and Pritch, Yael and Rubinstein, Michael and Aberman, Kfir},
	journal={arXiv preprint arXiv:2208.12242},
	year={2022}
}

@article{wang2022pretraining,
	author = {Wang, Tengfei and Zhang, Ting and Zhang, Bo and Ouyang, Hao and Chen, Dong and Chen, Qifeng and Wen, Fang},
	title = {Pretraining is All You Need for Image-to-Image Translation},
	publisher = {arXiv},
	year = {2022},
}

@article{pang2021image,
	title={Image-to-image translation: Methods and applications},
	author={Pang, Yingxue and Lin, Jianxin and Qin, Tao and Chen, Zhibo},
	journal={IEEE Transactions on Multimedia},
	year={2021},
	publisher={IEEE}
}


@article{liu2020generative,
  title={Generative adversarial networks for image and video synthesis: Algorithms and applications},
  author={Liu, Ming-Yu and Huang, Xun and Yu, Jiahui and Wang, Ting-Chun and Mallya, Arun},
  journal={Proceedings of the IEEE},
  volume={109},
  number={5},
  pages={839--862},
  year={2021},
  publisher={IEEE}
}

@inproceedings{isola2017image,
	title        = {Image-to-image translation with conditional adversarial networks},
	author       = {Isola, Phillip and Zhu, Jun-Yan and Zhou, Tinghui and Efros, Alexei A},
	year         = 2017,
	booktitle    = {Proceedings of the IEEE Conference on Computer Vision and Pattern Recognition},
	pages        = {1125--1134}
}

@article{zhu2017toward,
	title={Toward multimodal image-to-image translation},
	author={Zhu, Jun-Yan and Zhang, Richard and Pathak, Deepak and Darrell, Trevor and Efros, Alexei A and Wang, Oliver and Shechtman, Eli},
	journal={Advances in Neural Information Processing Systems},
	volume={30},
	year={2017}
}

@inproceedings{wang2018high,
	title        = {High-resolution image synthesis and semantic manipulation with conditional gans},
	author       = {Wang, Ting-Chun and Liu, Ming-Yu and Zhu, Jun-Yan and Tao, Andrew and Kautz, Jan and Catanzaro, Bryan},
	year         = 2018,
	booktitle    = {Proceedings of the IEEE/CVF Conference on Computer Vision and Pattern Recognition},
	pages        = {8798--8807}
}

@inproceedings{park2019semantic,
	title={Semantic image synthesis with spatially-adaptive normalization},
	author={Park, Taesung and Liu, Ming-Yu and Wang, Ting-Chun and Zhu, Jun-Yan},
	booktitle={Proceedings of the IEEE/CVF Conference on Computer Vision and Pattern Recognition},
	pages={2337--2346},
	year={2019}
}

@inproceedings{choi2018stargan,
	title={Stargan: Unified generative adversarial networks for multi-domain image-to-image translation},
	author={Choi, Yunjey and Choi, Minje and Kim, Munyoung and Ha, Jung-Woo and Kim, Sunghun and Choo, Jaegul},
	booktitle={Proceedings of the IEEE/CVF Conference on Computer Vision and Pattern Recognition},
	pages={8789--8797},
	year={2018}
}

@inproceedings{zhang2020cross,
	title={Cross-domain correspondence learning for exemplar-based image translation},
	author={Zhang, Pan and Zhang, Bo and Chen, Dong and Yuan, Lu and Wen, Fang},
	booktitle={Proceedings of the IEEE/CVF Conference on Computer Vision and Pattern Recognition},
	pages={5143--5153},
	year={2020}
}

@inproceedings{zhou2021cocosnet,
	title={Cocosnet v2: Full-resolution correspondence learning for image translation},
	author={Zhou, Xingran and Zhang, Bo and Zhang, Ting and Zhang, Pan and Bao, Jianmin and Chen, Dong and Zhang, Zhongfei and Wen, Fang},
	booktitle={Proceedings of the IEEE/CVF Conference on Computer Vision and Pattern Recognition},
	pages={11465--11475},
	year={2021}
}

@inproceedings{ramesh2021zero,
	title={Zero-shot text-to-image generation},
	author={Ramesh, Aditya and Pavlov, Mikhail and Goh, Gabriel and Gray, Scott and Voss, Chelsea and Radford, Alec and Chen, Mark and Sutskever, Ilya},
	booktitle={International Conference on Machine Learning},
	pages={8821--8831},
	year={2021},
	organization={PMLR}
}

@article{zhang2021m6,
	title        = {M6-ufc: Unifying multi-modal controls for conditional image synthesis},
	author       = {Zhang, Zhu and Ma, Jianxin and Zhou, Chang and Men, Rui and Li, Zhikang and Ding, Ming and Tang, Jie and Zhou, Jingren and Yang, Hongxia},
	year         = 2021,
	journal      = {arXiv preprint arXiv:2105.14211}
}

@article{kutuzova2021multimodal,
	title        = {Multimodal variational autoencoders for semi-supervised learning: In defense of product-of-experts},
	author       = {Kutuzova, Svetlana and Krause, Oswin and McCloskey, Douglas and Nielsen, Mads and Igel, Christian},
	year         = 2021,
	journal      = {arXiv preprint arXiv:2101.07240}
}

@article{huang2021multimodal,
	title        = {Multimodal Conditional Image Synthesis with Product-of-Experts GANs},
	author       = {Huang, Xun and Mallya, Arun and Wang, Ting-Chun and Liu, Ming-Yu},
	year         = 2021,
	journal      = {arXiv preprint arXiv:2112.05130}
}

@article{qian2019trinity,
  title={Rethinking Learning-based Demosaicing, Denoising, and Super-Resolution Pipeline},
  author={Qian, Guocheng and Wang, Yuanhao and Gu, Jinjin and Dong, Chao and Heidrich, Wolfgang and Ghanem, Bernard and Ren, Jimmy S},
  booktitle={2022 IEEE International Conference on Computational Photography (ICCP)},
  pages={1--12},
  year={2022},
  organization={IEEE}
}

@inproceedings{chen2021pre,
	title={Pre-trained image processing transformer},
	author={Chen, Hanting and Wang, Yunhe and Guo, Tianyu and Xu, Chang and Deng, Yiping and Liu, Zhenhua and Ma, Siwei and Xu, Chunjing and Xu, Chao and Gao, Wen},
	booktitle={Proceedings of the IEEE/CVF Conference on Computer Vision and Pattern Recognition},
	pages={12299--12310},
	year={2021}
}

@article{canny1986computational,
  title={A computational approach to edge detection},
  author={Canny, John},
  journal={IEEE Transactions on Pattern Analysis and Machine Intelligence},
  number={6},
  pages={679--698},
  year={1986},
  publisher={IEEE}
}

@inproceedings{
	schuhmann2022laionb,
	title={{LAION}-5B: An open large-scale dataset for training next generation image-text models},
	author={Christoph Schuhmann and Romain Beaumont and Richard Vencu and Cade W Gordon and Ross Wightman and Mehdi Cherti and Theo Coombes and Aarush Katta and Clayton Mullis and Mitchell Wortsman and Patrick Schramowski and Srivatsa R Kundurthy and Katherine Crowson and Ludwig Schmidt and Robert Kaczmarczyk and Jenia Jitsev},
	booktitle={Thirty-sixth Conference on Neural Information Processing Systems Datasets and Benchmarks Track},
	year={2022},
}

@inproceedings{gu2021realtime,
	title={Towards Light-weight and Real-time Line Segment Detection},
	author={Geonmo Gu and Byungsoo Ko and SeoungHyun Go and Sung-Hyun Lee and Jingeun Lee and Minchul Shin},
	booktitle={Proceedings of the AAAI Conference on Artificial Intelligence},
	year={2022},
}

@article{zhou2017places,
	title={Places: A 10 million Image Database for Scene Recognition},
	author={Zhou, Bolei and Lapedriza, Agata and Khosla, Aditya and Oliva, Aude and Torralba, Antonio},
	journal={IEEE Transactions on Pattern Analysis and Machine Intelligence},
	year={2017},
	publisher={IEEE}
}

@inproceedings{li2022blip,
	title={BLIP: Bootstrapping Language-Image Pre-training for Unified Vision-Language Understanding and Generation}, 
	author={Junnan Li and Dongxu Li and Caiming Xiong and Steven Hoi},
	year={2022},
	booktitle={International Conference on Machine Learning},
}

@inproceedings{xie2015holistically,
	author={Xie, Saining and Tu, Zhuowen},
	booktitle={Proceedings of the IEEE International Conference on Computer Vision (ICCV)}, 
	title={Holistically-Nested Edge Detection}, 
	year={2015},
	pages={1395-1403},
}


@article{vinker2022clipascene,
  title={CLIPascene: Scene Sketching with Different Types and Levels of Abstraction},
  author={Vinker, Yael and Alaluf, Yuval and Cohen-Or, Daniel and Shamir, Ariel},
  journal={arXiv preprint arXiv:2211.17256},
  year={2022}
}

@article{kreiss2021openpifpaf,
	title = {{OpenPifPaf: Composite Fields for Semantic Keypoint Detection and Spatio-Temporal Association}},
	author = {Sven Kreiss and Lorenzo Bertoni and Alexandre Alahi},
	journal = {IEEE Transactions on Intelligent Transportation Systems},
	pages = {1-14},
	month = {March},
	year = {2021}
}


@inproceedings{caesar2018coco,
  title={Coco-stuff: Thing and stuff classes in context},
  author={Caesar, Holger and Uijlings, Jasper and Ferrari, Vittorio},
  booktitle={Proceedings of the IEEE/CVF Conference on Computer Vision and Pattern Recognition},
  pages={1209--1218},
  year={2018}
}

@article{diode_dataset,
  title={Diode: A dense indoor and outdoor depth dataset},
  author={Vasiljevic, Igor and Kolkin, Nick and Zhang, Shanyi and Luo, Ruotian and Wang, Haochen and Dai, Falcon Z and Daniele, Andrea F and Mostajabi, Mohammadreza and Basart, Steven and Walter, Matthew R and others},
  journal={arXiv preprint arXiv:1908.00463},
  year={2019}
}

@article{lecun1998gradient,
	author={Lecun, Y. and Bottou, L. and Bengio, Y. and Haffner, P.},
	journal={Proceedings of the IEEE}, 
	title={Gradient-based learning applied to document recognition}, 
	year={1998},
	volume={86},
	number={11},
	pages={2278-2324}
}

@inproceedings{nichol2021improved,
  title={Improved denoising diffusion probabilistic models},
  author={Nichol, Alexander Quinn and Dhariwal, Prafulla},
  booktitle={International Conference on Machine Learning},
  pages={8162--8171},
  year={2021},
  organization={PMLR}
}

@inproceedings{karras2019style,
  title={A style-based generator architecture for generative adversarial networks},
  author={Karras, Tero and Laine, Samuli and Aila, Timo},
  booktitle={Proceedings of the IEEE/CVF Conference on Computer Vision and Pattern Recognition},
  pages={4401--4410},
  year={2019}
}

@article{karras2017progressive,
  title={Progressive growing of gans for improved quality, stability, and variation},
  author={Karras, Tero and Aila, Timo and Laine, Samuli and Lehtinen, Jaakko},
  journal={International Conference on Learning Representations},
  year={2018}
}

@article{Rumelhart1986,
	year = {1986},
	month = oct,
	publisher = {Springer Science and Business Media {LLC}},
	volume = {323},
	number = {6088},
	pages = {533--536},
	author = {David E. Rumelhart and Geoffrey E. Hinton and Ronald J. Williams},
	title = {Learning representations by back-propagating errors},
	journal = {Nature}
}

@article{LeCun2015,
	year = {2015},
	month = may,
	publisher = {Springer Science and Business Media {LLC}},
	volume = {521},
	number = {7553},
	pages = {436--444},
	author = {Yann LeCun and Yoshua Bengio and Geoffrey Hinton},
	title = {Deep learning},
	journal = {Nature}
}


@article{lehtinen2018noise2noise,
  title={Noise2Noise: Learning image restoration without clean data},
  author={Lehtinen, Jaakko and Munkberg, Jacob and Hasselgren, Jon and Laine, Samuli and Karras, Tero and Aittala, Miika and Aila, Timo},
  journal={Proceedings of the 35th International Conference on Machine Learning},
  year={2018}
}


@article{voynov2022sketch,
	title={Sketch-Guided Text-to-Image Diffusion Models},
	author={Voynov, Andrey and Abernan, Kfir and Cohen-Or, Daniel},
	booktitle={arXiv preprint arXiv:2211.13752},
	year={2022}
}


@inproceedings{zhou2017scene,
  title={Scene parsing through ade20k dataset},
  author={Zhou, Bolei and Zhao, Hang and Puig, Xavier and Fidler, Sanja and Barriuso, Adela and Torralba, Antonio},
  booktitle={Proceedings of the IEEE Conference on Computer Vision and Pattern Recognition},
  pages={633--641},
  year={2017}
}

@article{cao2019openpose,
	author = {Z. {Cao} and G. {Hidalgo Martinez} and T. {Simon} and S. {Wei} and Y. A. {Sheikh}},
	journal = {IEEE Transactions on Pattern Analysis and Machine Intelligence},
	title = {OpenPose: Realtime Multi-Person 2D Pose Estimation using Part Affinity Fields},
	year = {2019}
}

@article{ranftl2020towards,
  title={Towards robust monocular depth estimation: Mixing datasets for zero-shot cross-dataset transfer},
  author={Ranftl, Ren{\'e} and Lasinger, Katrin and Hafner, David and Schindler, Konrad and Koltun, Vladlen},
  journal={IEEE Transactions on Pattern Analysis and Machine Intelligence},
  volume={44},
  number={3},
  pages={1623--1637},
  year={2020},
  publisher={IEEE}
}


@article{zhao2021zero,
  title={Zero initialization: Initializing residual networks with only zeros and ones},
  author={Zhao, Jiawei and Sch{\"a}fer, Florian and Anandkumar, Anima},
  journal={arXiv},
  year={2021}
}

@article{chen2022vision,
  title={Vision transformer adapter for dense predictions},
  author={Chen, Zhe and Duan, Yuchen and Wang, Wenhai and He, Junjun and Lu, Tong and Dai, Jifeng and Qiao, Yu},
  journal={International Conference on Learning Representations},
  year={2023}
}


@inproceedings{stickland2019bert,
	title={Bert and pals: Projected attention layers for efficient adaptation in multi-task learning},
	author={Stickland, Asa Cooper and Murray, Iain},
	booktitle={International Conference on Machine Learning},
	pages={5986--5995},
	year={2019}
}

@inproceedings{houlsby2019parameter,
	title={Parameter-efficient transfer learning for NLP},
	author={Houlsby, Neil and Giurgiu, Andrei and Jastrzebski, Stanislaw and Morrone, Bruna and De Laroussilhe, Quentin and Gesmundo, Andrea and Attariyan, Mona and Gelly, Sylvain},
	booktitle={International Conference on Machine Learning},
	pages={2790--2799},
	year={2019}
}

@article{rosenfeld2018incremental,
	title={Incremental learning through deep adaptation},
	author={Rosenfeld, Amir and Tsotsos, John K},
	journal={IEEE Transactions on Pattern Analysis and Machine Intelligence},
	volume={42},
	number={3},
	pages={651--663},
	year={2018}
}

@article{rebuffi2017learning,
	title={Learning multiple visual domains with residual adapters},
	author={Rebuffi, Sylvestre-Alvise and Bilen, Hakan and Vedaldi, Andrea},
	journal={NeurIPS},
	volume={30},
	year={2017}
}

@inproceedings{rebuffi2018efficient,
	title={Efficient parametrization of multi-domain deep neural networks},
	author={Rebuffi, Sylvestre-Alvise and Bilen, Hakan and Vedaldi, Andrea},
	booktitle={Proceedings of the IEEE/CVF Conference on Computer Vision and Pattern Recognition},
	pages={8119--8127},
	year={2018}
}

@inproceedings{radford2021learning,
	title={Learning transferable visual models from natural language supervision},
	author={Radford, Alec and Kim, Jong Wook and Hallacy, Chris and Ramesh, Aditya and Goh, Gabriel and Agarwal, Sandhini and Sastry, Girish and Askell, Amanda and Mishkin, Pamela and Clark, Jack and others},
	booktitle={International Conference on Machine Learning},
	pages={8748--8763},
	year={2021},
	organization={PMLR}
}

@article{gao2021clip,
	title={Clip-adapter: Better vision-language models with feature adapters},
	author={Gao, Peng and Geng, Shijie and Zhang, Renrui and Ma, Teli and Fang, Rongyao and Zhang, Yongfeng and Li, Hongsheng and Qiao, Yu},
	journal={arXiv preprint arXiv:2110.04544},
	year={2021}
}

@article{sung2021vl,
	title={VL-Adapter: Parameter-Efficient Transfer Learning for Vision-and-Language Tasks},
	author={Sung, Yi-Lin and Cho, Jaemin and Bansal, Mohit},
	journal={arXiv preprint arXiv:2112.06825},
	year={2021}
}

@article{zhang2021tip,
	title={Tip-Adapter: Training-free CLIP-Adapter for Better Vision-Language Modeling},
	author={Zhang, Renrui and Fang, Rongyao and Gao, Peng and Zhang, Wei and Li, Kunchang and Dai, Jifeng and Qiao, Yu and Li, Hongsheng},
	journal={arXiv preprint arXiv:2111.03930},
	year={2021}
}

@article{li2021benchmarking,
	title={Benchmarking detection transfer learning with vision transformers},
	author={Li, Yanghao and Xie, Saining and Chen, Xinlei and Dollar, Piotr and He, Kaiming and Girshick, Ross},
	journal={arXiv preprint arXiv:2111.11429},
	year={2021}
}

@article{li2022exploring,
	title={Exploring plain vision transformer backbones for object detection},
	author={Li, Yanghao and Mao, Hanzi and Girshick, Ross and He, Kaiming},
	journal={arXiv preprint arXiv:2203.16527},
	year={2022}
}

@inproceedings{zhang2020side,
	title={Side-tuning: Network Adaptation via Additive Side Networks},
	author={Jeffrey O. Zhang and Alexander Sax and Amir Zamir and Leonidas J. Guibas and Jitendra Malik},
	booktitle={European Conference on Computer Vision (ECCV)},
        pages={698--714},
        year={2020},
        organization={Springer}
}


@inproceedings{mallya2018piggyback,
  title={Piggyback: Adapting a single network to multiple tasks by learning to mask weights},
  author={Mallya, Arun and Davis, Dillon and Lazebnik, Svetlana},
  booktitle={European Conference on Computer Vision (ECCV)},
  pages={67--82},
  year={2018}
}

@inproceedings{mallya2018packnet,
  title={Packnet: Adding multiple tasks to a single network by iterative pruning},
  author={Mallya, Arun and Lazebnik, Svetlana},
  booktitle={Proceedings of the IEEE/CVF Conference on Computer Vision and Pattern Recognition},
  pages={7765--7773},
  year={2018}
}

@inproceedings{serra2018overcoming,
  title={Overcoming catastrophic forgetting with hard attention to the task},
  author={Serra, Joan and Suris, Didac and Miron, Marius and Karatzoglou, Alexandros},
  booktitle={International Conference on Machine Learning},
  pages={4548--4557},
  year={2018},
  organization={PMLR}
}

@article{hu2021lora,
  title={LoRA: Low-Rank Adaptation of Large Language Models},
  author={Hu, Edward J and Shen, Yelong and Wallis, Phillip and Allen-Zhu, Zeyuan and Li, Yuanzhi and Wang, Shean and Wang, Lu and Chen, Weizhu},
  journal={arXiv preprint arXiv:2106.09685},
  year={2021}
}


@inproceedings{aghajanyan2021intrinsic,
    title = "Intrinsic Dimensionality Explains the Effectiveness of Language Model Fine-Tuning",
    author = "Aghajanyan, Armen  and
      Gupta, Sonal  and
      Zettlemoyer, Luke",
    booktitle = "Proceedings of the 59th Annual Meeting of the Association for Computational Linguistics and the 11th International Joint Conference on Natural Language Processing",
    month = aug,
    year = "2021",
    address = "Online",
    publisher = "Association for Computational Linguistics",
    url = "https://aclanthology.org/2021.acl-long.568",
    doi = "10.18653/v1/2021.acl-long.568",
    pages = "7319--7328",
}


@article{li2018measuring,
	author    = {Chunyuan Li and Heerad Farkhoor and Rosanne Liu and Jason Yosinski},
	title     = {Measuring the Intrinsic Dimension of Objective Landscapes},
	journal   = {International Conference on Learning Representations},
	year      = {2018},
}

@InProceedings{richardson2021encoding,
	author = {Richardson, Elad and Alaluf, Yuval and Patashnik, Or and Nitzan, Yotam and Azar, Yaniv and Shapiro, Stav and Cohen-Or, Daniel},
	title = {Encoding in Style: a StyleGAN Encoder for Image-to-Image Translation},
	booktitle = {Proceedings of the IEEE/CVF Conference on Computer Vision and Pattern Recognition},
	year = {2021}
}

@article{karras2021style,
        author={Karras, Tero and Laine, Samuli and Aila, Timo},
 	journal = {IEEE Transactions on Pattern Analysis},
	title = {A Style-Based Generator Architecture for Generative Adversarial Networks},
	year = {2021},
}


@article{tov2021designing,
	title={Designing an Encoder for StyleGAN Image Manipulation},
	author={Tov, Omer and Alaluf, Yuval and Nitzan, Yotam and Patashnik, Or and Cohen-Or, Daniel},
	journal={arXiv preprint arXiv:2102.02766},
	year={2021}
}

@article{alaluf2021matter,
	author = {Alaluf, Yuval and Patashnik, Or and Cohen-Or, Daniel},
	title = {Only a Matter of Style: Age Transformation Using a Style-Based Regression Model},
	journal = {ACM Transactions on Graphics (TOG)},
	issue_date = {August 2021},
	volume = {40},
	number = {4},
	year = {2021},
	articleno = {45},
	publisher = {Association for Computing Machinery},
}

@InProceedings{Patashnik_2021_ICCV,
	author    = {Patashnik, Or and Wu, Zongze and Shechtman, Eli and Cohen-Or, Daniel and Lischinski, Dani},
	title     = {StyleCLIP: Text-Driven Manipulation of StyleGAN Imagery},
	booktitle = {Proceedings of the IEEE/CVF International Conference on Computer Vision (ICCV)},
	month     = {October},
	year      = {2021},
	pages     = {2085-2094}
}


@article{katzir2022multi,
  title={Multi-level latent space structuring for generative control},
  author={Katzir, Oren and Perepelook, Vicky and Lischinski, Dani and Cohen-Or, Daniel},
  journal={arXiv preprint arXiv:2202.05910},
  year={2022}
}


@article{gal2022stylegan,
  title={StyleGAN-NADA: CLIP-guided domain adaptation of image generators},
  author={Gal, Rinon and Patashnik, Or and Maron, Haggai and Bermano, Amit H and Chechik, Gal and Cohen-Or, Daniel},
  journal={ACM Transactions on Graphics (TOG)},
  volume={41},
  number={4},
  pages={1--13},
  year={2022},
  publisher = {Association for Computing Machinery},
}

@inproceedings{mokady2022selfdistilled,
  title={Self-distilled stylegan: Towards generation from internet photos},
  author={Mokady, Ron and Tov, Omer and Yarom, Michal and Lang, Oran and Mosseri, Inbar and Dekel, Tali and Cohen-Or, Daniel and Irani, Michal},
  booktitle={ACM SIGGRAPH 2022 Conference Proceedings},
  pages={1--9},
  year={2022}
}

@article{nitzan2022mystyle,
	title={MyStyle: A Personalized Generative Prior},
	author={Nitzan, Yotam and Aberman, Kfir and He, Qiurui and Liba, Orly and Yarom, Michal and Gandelsman, Yossi and Mosseri, Inbar and Pritch, Yael and Cohen-Or, Daniel},
	journal={arXiv preprint arXiv:2203.17272},
	year={2022}
}

@article{li2023gligen,
  author      = {Li, Yuheng and Liu, Haotian and Wu, Qingyang and Mu, Fangzhou and Yang, Jianwei and Gao, Jianfeng and Li, Chunyuan and Lee, Yong Jae},
  title       = {GLIGEN: Open-Set Grounded Text-to-Image Generation},
  publisher   = {arXiv:2301.07093},
  year        = {2023},
}

@article{avrahami2022spatext,
  title={SpaText: Spatio-Textual Representation for Controllable Image Generation},
  author={Avrahami, Omri and Hayes, Thomas and Gafni, Oran and Gupta, Sonal and Taigman, Yaniv and Parikh, Devi and Lischinski, Dani and Fried, Ohad and Yin, Xi},
  journal={arXiv preprint arXiv:2211.14305},
  year={2022}
}

@inproceedings{gafni2022make,
  title={Make-a-scene: Scene-based text-to-image generation with human priors},
  author={Gafni, Oran and Polyak, Adam and Ashual, Oron and Sheynin, Shelly and Parikh, Devi and Taigman, Yaniv},
  booktitle={European Conference on Computer Vision (ECCV)},
  pages={89--106},
  year={2022},
  organization={Springer}
}

@inproceedings{CycleGAN2017,
	title={Unpaired Image-to-Image Translation using Cycle-Consistent Adversarial Networks},
	author={Zhu, Jun-Yan and Park, Taesung and Isola, Phillip and Efros, Alexei A},
	booktitle={Computer Vision (ICCV), 2017 IEEE International Conference on},
	year={2017}
}

@misc{disco,
	author       = "Alembics",
	title        = "Disco Diffusion, https://github.com/alembics/disco-diffusion",
	year         = "2022",
}

@misc{cfg,

	

	
	author = {Ho, Jonathan and Salimans, Tim},
	

	
	title = {Classifier-Free Diffusion Guidance},
	
	publisher = {arXiv},
	
	year = {2022},
	

}

@inproceedings{jain2022oneformer,
	title={{OneFormer: One Transformer to Rule Universal Image Segmentation}},
	author={Jitesh Jain and Jiachen Li and MangTik Chiu and Ali Hassani and Nikita Orlov and Humphrey Shi},
	journal={CVPR}, 
	year={2023}
}

@inproceedings{NIPS2017_8a1d6947,
	author = {Heusel, Martin and Ramsauer, Hubert and Unterthiner, Thomas and Nessler, Bernhard and Hochreiter, Sepp},
	booktitle = {Advances in Neural Information Processing Systems},
	editor = {I. Guyon and U. Von Luxburg and S. Bengio and H. Wallach and R. Fergus and S. Vishwanathan and R. Garnett},
	pages = {},
	publisher = {Curran Associates, Inc.},
	title = {GANs Trained by a Two Time-Scale Update Rule Converge to a Local Nash Equilibrium},
	volume = {30},
	year = {2017}
}

