@String(PAMI = {IEEE Trans. Pattern Anal. Mach. Intell.})
@String(IJCV = {Int. J. Comput. Vis.})
@String(CVPR= {IEEE Conf. Comput. Vis. Pattern Recog.})
@String(ICCV= {Int. Conf. Comput. Vis.})
@String(ECCV= {Eur. Conf. Comput. Vis.})
@String(NIPS= {Adv. Neural Inform. Process. Syst.})
@String(ICPR = {Int. Conf. Pattern Recog.})
@String(BMVC= {Brit. Mach. Vis. Conf.})
@String(TOG= {ACM Trans. Graph.})
@String(TIP  = {IEEE Trans. Image Process.})
@String(TVCG  = {IEEE Trans. Vis. Comput. Graph.})
@String(TMM  = {IEEE Trans. Multimedia})
@String(ACMMM= {ACM Int. Conf. Multimedia})
@String(ICME = {Int. Conf. Multimedia and Expo})
@String(ICASSP=	{ICASSP})
@String(ICIP = {IEEE Int. Conf. Image Process.})
@String(ACCV  = {ACCV})
@String(ICLR = {Int. Conf. Learn. Represent.})
@String(IJCAI = {IJCAI})
@String(PR   = {Pattern Recognition})
@String(AAAI = {AAAI})
@String(CVPRW= {IEEE Conf. Comput. Vis. Pattern Recog. Worksh.})
@String(CSVT = {IEEE Trans. Circuit Syst. Video Technol.})

@String(SPL	= {IEEE Sign. Process. Letters})
@String(VR   = {Vis. Res.})
@String(JOV	 = {J. Vis.})
@String(TVC  = {The Vis. Comput.})
@String(JCST  = {J. Comput. Sci. Tech.})
@String(CGF  = {Comput. Graph. Forum})
@String(CVM = {Computational Visual Media})


@String(PAMI  = {IEEE TPAMI})
@String(IJCV  = {IJCV})
@String(CVPR  = {CVPR})
@String(ICCV  = {ICCV})
@String(ECCV  = {ECCV})
@String(NIPS  = {NeurIPS})
@String(ICPR  = {ICPR})
@String(BMVC  =	{BMVC})
@String(TOG   = {ACM TOG})
@String(TIP   = {IEEE TIP})
@String(TVCG  = {IEEE TVCG})
@String(TCSVT = {IEEE TCSVT})
@String(TMM   =	{IEEE TMM})
@String(ACMMM = {ACM MM})
@String(ICME  =	{ICME})
@String(ICASSP=	{ICASSP})
@String(ICIP  = {ICIP})
@String(ACCV  = {ACCV})
@String(ICLR  = {ICLR})
@String(IJCAI = {IJCAI})
@String(PR = {PR})
@String(AAAI = {AAAI})
@String(CVPRW= {CVPRW})
@String(CSVT = {IEEE TCSVT})



@misc{Authors14,
 author = {FirstName LastName},
 title = {The frobnicatable foo filter},
 note = {Face and Gesture submission ID 324. Supplied as supplemental material {\tt fg324.pdf}},
 year = 2014
}

@misc{Authors14b,
 author = {FirstName LastName},
 title = {Frobnication tutorial},
 note = {Supplied as supplemental material {\tt tr.pdf}},
 year = 2014
}

@article{Alpher02,
author = {FirstName Alpher},
title = {Frobnication},
journal = PAMI,
volume = 12,
number = 1,
pages = {234--778},
year = 2002
}

@article{Alpher03,
author = {FirstName Alpher and  FirstName Fotheringham-Smythe},
title = {Frobnication revisited},
journal = {Journal of Foo},
volume = 13,
number = 1,
pages = {234--778},
year = 2003
}

@article{Alpher04,
author = {FirstName Alpher and FirstName Fotheringham-Smythe and FirstName Gamow},
title = {Can a machine frobnicate?},
journal = {Journal of Foo},
volume = 14,
number = 1,
pages = {234--778},
year = 2004
}

@inproceedings{Alpher05,
author = {FirstName Alpher and FirstName Gamow},
title = {Can a computer frobnicate?},
booktitle = CVPR,
pages = {234--778},
year = 2005
}

%clip
@inproceedings{radford2021learning,
  title={Learning transferable visual models from natural language supervision},
  author={Radford, Alec and Kim, Jong Wook and Hallacy, Chris and Ramesh, Aditya and Goh, Gabriel and Agarwal, Sandhini and Sastry, Girish and Askell, Amanda and Mishkin, Pamela and Clark, Jack and others},
  booktitle={ICML},
  pages={8748--8763},
  year={2021},
  organization={PMLR}
}
%unet
@inproceedings{ronneberger2015u,
  title={U-net: Convolutional networks for biomedical image segmentation},
  author={Ronneberger, Olaf and Fischer, Philipp and Brox, Thomas},
  booktitle={MICCAI},
  pages={234--241},
  year={2015},
  organization={Springer}
}
%layernorm
@article{ba2016layer,
  title={Layer normalization},
  author={Ba, Jimmy Lei and Kiros, Jamie Ryan and Hinton, Geoffrey E},
  journal={arXiv preprint arXiv:1607.06450},
  year={2016}
}
%%diffusion model
@inproceedings{sohl2015deep,
  title={Deep unsupervised learning using nonequilibrium thermodynamics},
  author={Sohl-Dickstein, Jascha and Weiss, Eric and Maheswaranathan, Niru and Ganguli, Surya},
  booktitle={International conference on machine learning},
  pages={2256--2265},
  year={2015},
  organization={PMLR}
}
%ddim
@article{song2020denoising,
  title={Denoising diffusion implicit models},
  author={Song, Jiaming and Meng, Chenlin and Ermon, Stefano},
  journal={arXiv preprint arXiv:2010.02502},
  year={2020}
}
%ddpm
@article{ho2020denoising,
  title={Denoising diffusion probabilistic models},
  author={Ho, Jonathan and Jain, Ajay and Abbeel, Pieter},
  journal={Advances in neural information processing systems},
  volume={33},
  pages={6840--6851},
  year={2020}
}
@inproceedings{
  song2021scorebased,
  title={Score-Based Generative Modeling through Stochastic Differential Equations},
  author={Yang Song and Jascha Sohl-Dickstein and Diederik P Kingma and Abhishek Kumar and Stefano Ermon and Ben Poole},
  booktitle={International Conference on Learning Representations},
  year={2021},
}
%%vae
@article{kingma2013auto,
  title={Auto-encoding variational bayes},
  author={Kingma, Diederik P and Welling, Max},
  journal={arXiv preprint arXiv:1312.6114},
  year={2013}
}
@article{razavi2019generating,
  title={Generating diverse high-fidelity images with vq-vae-2},
  author={Razavi, Ali and Van den Oord, Aaron and Vinyals, Oriol},
  journal={Advances in neural information processing systems},
  volume={32},
  year={2019}
}
@inproceedings{rezende2015variational,
  title={Variational inference with normalizing flows},
  author={Rezende, Danilo and Mohamed, Shakir},
  booktitle={International conference on machine learning},
  pages={1530--1538},
  year={2015},
  organization={PMLR}
}
@inproceedings{rezende2014stochastic,
  title={Stochastic backpropagation and approximate inference in deep generative models},
  author={Rezende, Danilo Jimenez and Mohamed, Shakir and Wierstra, Daan},
  booktitle={International conference on machine learning},
  pages={1278--1286},
  year={2014},
  organization={PMLR}
}
%%gan
@article{brock2018large,
  title={Large scale GAN training for high fidelity natural image synthesis},
  author={Brock, Andrew and Donahue, Jeff and Simonyan, Karen},
  journal={arXiv preprint arXiv:1809.11096},
  year={2018}
}
@article{goodfellow2014generative,
  title={Generative adversarial nets},
  author={Goodfellow, Ian and Pouget-Abadie, Jean and Mirza, Mehdi and Xu, Bing and Warde-Farley, David and Ozair, Sherjil and Courville, Aaron and Bengio, Yoshua},
  journal={Advances in neural information processing systems},
  volume={27},
  year={2014}
}
@article{karras2017progressive,
  title={Progressive growing of gans for improved quality, stability, and variation},
  author={Karras, Tero and Aila, Timo and Laine, Samuli and Lehtinen, Jaakko},
  journal={arXiv preprint arXiv:1710.10196},
  year={2017}
}
@inproceedings{karras2019style,
  title={A style-based generator architecture for generative adversarial networks},
  author={Karras, Tero and Laine, Samuli and Aila, Timo},
  booktitle={Proceedings of the IEEE/CVF conference on computer vision and pattern recognition},
  pages={4401--4410},
  year={2019}
}
%style
@inproceedings{an2021artflow,
  title={Artflow: Unbiased image style transfer via reversible neural flows},
  author={An, Jie and Huang, Siyu and Song, Yibing and Dou, Dejing and Liu, Wei and Luo, Jiebo},
  booktitle={Proceedings of the IEEE/CVF Conference on Computer Vision and Pattern Recognition},
  pages={862--871},
  year={2021}
}
@inproceedings{gatys2016image,
  title={Image style transfer using convolutional neural networks},
  author={Gatys, Leon A and Ecker, Alexander S and Bethge, Matthias},
  booktitle={Proceedings of the IEEE conference on computer vision and pattern recognition},
  pages={2414--2423},
  year={2016}
}
@inproceedings{wu2021styleformer,
  title={Styleformer: Real-time arbitrary style transfer via parametric style composition},
  author={Wu, Xiaolei and Hu, Zhihao and Sheng, Lu and Xu, Dong},
  booktitle={Proceedings of the IEEE/CVF International Conference on Computer Vision},
  pages={14618--14627},
  year={2021}
}
@inproceedings{zhang2023inversion,
  title={Inversion-based style transfer with diffusion models},
  author={Zhang, Yuxin and Huang, Nisha and Tang, Fan and Huang, Haibin and Ma, Chongyang and Dong, Weiming and Xu, Changsheng},
  booktitle={Proceedings of the IEEE/CVF Conference on Computer Vision and Pattern Recognition},
  pages={10146--10156},
  year={2023}
}
@article{wang2023styleadapter,
  title={StyleAdapter: A Single-Pass LoRA-Free Model for Stylized Image Generation},
  author={Wang, Zhouxia and Wang, Xintao and Xie, Liangbin and Qi, Zhongang and Shan, Ying and Wang, Wenping and Luo, Ping},
  journal={arXiv preprint arXiv:2309.01770},
  year={2023}
}
%%image syn
%sd
@inproceedings{rombach2022high,
  title={High-resolution image synthesis with latent diffusion models},
  author={Rombach, Robin and Blattmann, Andreas and Lorenz, Dominik and Esser, Patrick and Ommer, Bj{\"o}rn},
  booktitle={Proceedings of the IEEE/CVF conference on computer vision and pattern recognition},
  pages={10684--10695},
  year={2022}
}
@article{saharia2022photorealistic,
  title={Photorealistic text-to-image diffusion models with deep language understanding},
  author={Saharia, Chitwan and Chan, William and Saxena, Saurabh and Li, Lala and Whang, Jay and Denton, Emily L and Ghasemipour, Kamyar and Gontijo Lopes, Raphael and Karagol Ayan, Burcu and Salimans, Tim and others},
  journal={Advances in Neural Information Processing Systems},
  volume={35},
  pages={36479--36494},
  year={2022}
}
%video
@article{ho2022imagen,
  title={Imagen video: High definition video generation with diffusion models},
  author={Ho, Jonathan and Chan, William and Saharia, Chitwan and Whang, Jay and Gao, Ruiqi and Gritsenko, Alexey and Kingma, Diederik P and Poole, Ben and Norouzi, Mohammad and Fleet, David J and others},
  journal={arXiv preprint arXiv:2210.02303},
  year={2022}
}
@inproceedings{blattmann2023align,
  title={Align your latents: High-resolution video synthesis with latent diffusion models},
  author={Blattmann, Andreas and Rombach, Robin and Ling, Huan and Dockhorn, Tim and Kim, Seung Wook and Fidler, Sanja and Kreis, Karsten},
  booktitle={Proceedings of the IEEE/CVF Conference on Computer Vision and Pattern Recognition},
  pages={22563--22575},
  year={2023}
}
@inproceedings{luo2023videofusion,
  title={VideoFusion: Decomposed Diffusion Models for High-Quality Video Generation},
  author={Luo, Zhengxiong and Chen, Dayou and Zhang, Yingya and Huang, Yan and Wang, Liang and Shen, Yujun and Zhao, Deli and Zhou, Jingren and Tan, Tieniu},
  booktitle={Proceedings of the IEEE/CVF Conference on Computer Vision and Pattern Recognition},
  pages={10209--10218},
  year={2023}
}
%inpainting
@inproceedings{lugmayr2022repaint,
  title={Repaint: Inpainting using denoising diffusion probabilistic models},
  author={Lugmayr, Andreas and Danelljan, Martin and Romero, Andres and Yu, Fisher and Timofte, Radu and Van Gool, Luc},
  booktitle={Proceedings of the IEEE/CVF Conference on Computer Vision and Pattern Recognition},
  pages={11461--11471},
  year={2022}
}
@inproceedings{saharia2022palette,
  title={Palette: Image-to-image diffusion models},
  author={Saharia, Chitwan and Chan, William and Chang, Huiwen and Lee, Chris and Ho, Jonathan and Salimans, Tim and Fleet, David and Norouzi, Mohammad},
  booktitle={ACM SIGGRAPH 2022 Conference Proceedings},
  pages={1--10},
  year={2022}
}
%%t2i
@article{nichol2021glide,
  title={Glide: Towards photorealistic image generation and editing with text-guided diffusion models},
  author={Nichol, Alex and Dhariwal, Prafulla and Ramesh, Aditya and Shyam, Pranav and Mishkin, Pamela and McGrew, Bob and Sutskever, Ilya and Chen, Mark},
  journal={arXiv preprint arXiv:2112.10741},
  year={2021}
}
%dalle2
@article{ramesh2022hierarchical,
  title={Hierarchical text-conditional image generation with clip latents},
  author={Ramesh, Aditya and Dhariwal, Prafulla and Nichol, Alex and Chu, Casey and Chen, Mark},
  journal={arXiv preprint arXiv:2204.06125},
  volume={1},
  number={2},
  pages={3},
  year={2022}
}
@inproceedings{feng2023ernie,
  title={ERNIE-ViLG 2.0: Improving text-to-image diffusion model with knowledge-enhanced mixture-of-denoising-experts},
  author={Feng, Zhida and Zhang, Zhenyu and Yu, Xintong and Fang, Yewei and Li, Lanxin and Chen, Xuyi and Lu, Yuxiang and Liu, Jiaxiang and Yin, Weichong and Feng, Shikun and others},
  booktitle={Proceedings of the IEEE/CVF Conference on Computer Vision and Pattern Recognition},
  pages={10135--10145},
  year={2023}
}
%sdxl
@article{podell2023sdxl,
  title={Sdxl: Improving latent diffusion models for high-resolution image synthesis},
  author={Podell, Dustin and English, Zion and Lacey, Kyle and Blattmann, Andreas and Dockhorn, Tim and M{\"u}ller, Jonas and Penna, Joe and Rombach, Robin},
  journal={arXiv preprint arXiv:2307.01952},
  year={2023}
}
%% gan
@inproceedings{tao2022df,
  title={Df-gan: A simple and effective baseline for text-to-image synthesis},
  author={Tao, Ming and Tang, Hao and Wu, Fei and Jing, Xiao-Yuan and Bao, Bing-Kun and Xu, Changsheng},
  booktitle={Proceedings of the IEEE/CVF Conference on Computer Vision and Pattern Recognition},
  pages={16515--16525},
  year={2022}
}
@inproceedings{xu2018attngan,
  title={Attngan: Fine-grained text to image generation with attentional generative adversarial networks},
  author={Xu, Tao and Zhang, Pengchuan and Huang, Qiuyuan and Zhang, Han and Gan, Zhe and Huang, Xiaolei and He, Xiaodong},
  booktitle={Proceedings of the IEEE conference on computer vision and pattern recognition},
  pages={1316--1324},
  year={2018}
}
@inproceedings{zhang2021cross,
  title={Cross-modal contrastive learning for text-to-image generation},
  author={Zhang, Han and Koh, Jing Yu and Baldridge, Jason and Lee, Honglak and Yang, Yinfei},
  booktitle={Proceedings of the IEEE/CVF conference on computer vision and pattern recognition},
  pages={833--842},
  year={2021}
}
%auto-agressive
@inproceedings{ramesh2021zero,
  title={Zero-shot text-to-image generation},
  author={Ramesh, Aditya and Pavlov, Mikhail and Goh, Gabriel and Gray, Scott and Voss, Chelsea and Radford, Alec and Chen, Mark and Sutskever, Ilya},
  booktitle={International Conference on Machine Learning},
  pages={8821--8831},
  year={2021},
  organization={PMLR}
}
@article{yu2022scaling,
  title={Scaling autoregressive models for content-rich text-to-image generation},
  author={Yu, Jiahui and Xu, Yuanzhong and Koh, Jing Yu and Luong, Thang and Baid, Gunjan and Wang, Zirui and Vasudevan, Vijay and Ku, Alexander and Yang, Yinfei and Ayan, Burcu Karagol and others},
  journal={arXiv preprint arXiv:2206.10789},
  volume={2},
  number={3},
  pages={5},
  year={2022},
  publisher={Jun}
}
@article{yu2023scaling,
  title={Scaling autoregressive multi-modal models: Pretraining and instruction tuning},
  author={Yu, Lili and Shi, Bowen and Pasunuru, Ramakanth and Muller, Benjamin and Golovneva, Olga and Wang, Tianlu and Babu, Arun and Tang, Binh and Karrer, Brian and Sheynin, Shelly and others},
  journal={arXiv preprint arXiv:2309.02591},
  year={2023}
}
%attend-and-excite
@article{chefer2023attend,
  title={Attend-and-excite: Attention-based semantic guidance for text-to-image diffusion models},
  author={Chefer, Hila and Alaluf, Yuval and Vinker, Yael and Wolf, Lior and Cohen-Or, Daniel},
  journal={ACM Transactions on Graphics (TOG)},
  volume={42},
  number={4},
  pages={1--10},
  year={2023},
  publisher={ACM New York, NY, USA}
}
%emu
@article{dai2023emu,
  title={Emu: Enhancing image generation models using photogenic needles in a haystack},
  author={Dai, Xiaoliang and Hou, Ji and Ma, Chih-Yao and Tsai, Sam and Wang, Jialiang and Wang, Rui and Zhang, Peizhao and Vandenhende, Simon and Wang, Xiaofang and Dubey, Abhimanyu and others},
  journal={arXiv preprint arXiv:2309.15807},
  year={2023}
}
@article{esposito2023mitigating,
  title={Mitigating stereotypical biases in text to image generative systems},
  author={Esposito, Piero and Atighehchian, Parmida and Germanidis, Anastasis and Ghadiyaram, Deepti},
  journal={arXiv preprint arXiv:2310.06904},
  year={2023}
}
%lora
@article{hu2021lora,
  title={Lora: Low-rank adaptation of large language models},
  author={Hu, Edward J and Shen, Yelong and Wallis, Phillip and Allen-Zhu, Zeyuan and Li, Yuanzhi and Wang, Shean and Wang, Lu and Chen, Weizhu},
  journal={arXiv preprint arXiv:2106.09685},
  year={2021}
}
%t2i adapter
@article{mou2023t2i,
  title={T2i-adapter: Learning adapters to dig out more controllable ability for text-to-image diffusion models},
  author={Mou, Chong and Wang, Xintao and Xie, Liangbin and Zhang, Jian and Qi, Zhongang and Shan, Ying and Qie, Xiaohu},
  journal={arXiv preprint arXiv:2302.08453},
  year={2023}
}
%dreambooth
@inproceedings{ruiz2023dreambooth,
  title={Dreambooth: Fine tuning text-to-image diffusion models for subject-driven generation},
  author={Ruiz, Nataniel and Li, Yuanzhen and Jampani, Varun and Pritch, Yael and Rubinstein, Michael and Aberman, Kfir},
  booktitle={Proceedings of the IEEE/CVF Conference on Computer Vision and Pattern Recognition},
  pages={22500--22510},
  year={2023}
}
%textual inversion
@article{gal2022image,
  title={An image is worth one word: Personalizing text-to-image generation using textual inversion},
  author={Gal, Rinon and Alaluf, Yuval and Atzmon, Yuval and Patashnik, Or and Bermano, Amit H and Chechik, Gal and Cohen-Or, Daniel},
  journal={arXiv preprint arXiv:2208.01618},
  year={2022}
}
%Elite
@article{wei2023elite,
  title={Elite: Encoding visual concepts into textual embeddings for customized text-to-image generation},
  author={Wei, Yuxiang and Zhang, Yabo and Ji, Zhilong and Bai, Jinfeng and Zhang, Lei and Zuo, Wangmeng},
  journal={arXiv preprint arXiv:2302.13848},
  year={2023}
}
%controlnet
@inproceedings{zhang2023adding,
  title={Adding conditional control to text-to-image diffusion models},
  author={Zhang, Lvmin and Rao, Anyi and Agrawala, Maneesh},
  booktitle={Proceedings of the IEEE/CVF International Conference on Computer Vision},
  pages={3836--3847},
  year={2023}
}
%ip-adapter
@article{ye2023ip,
  title={Ip-adapter: Text compatible image prompt adapter for text-to-image diffusion models},
  author={Ye, Hu and Zhang, Jun and Liu, Sibo and Han, Xiao and Yang, Wei},
  journal={arXiv preprint arXiv:2308.06721},
  year={2023}
}
%vit
@article{dosovitskiy2020image,
  title={An image is worth 16x16 words: Transformers for image recognition at scale},
  author={Dosovitskiy, Alexey and Beyer, Lucas and Kolesnikov, Alexander and Weissenborn, Dirk and Zhai, Xiaohua and Unterthiner, Thomas and Dehghani, Mostafa and Minderer, Matthias and Heigold, Georg and Gelly, Sylvain and others},
  journal={arXiv preprint arXiv:2010.11929},
  year={2020}
}
%disengle
@inproceedings{wu2023uncovering,
  title={Uncovering the disentanglement capability in text-to-image diffusion models},
  author={Wu, Qiucheng and Liu, Yujian and Zhao, Handong and Kale, Ajinkya and Bui, Trung and Yu, Tong and Lin, Zhe and Zhang, Yang and Chang, Shiyu},
  booktitle={Proceedings of the IEEE/CVF Conference on Computer Vision and Pattern Recognition},
  pages={1900--1910},
  year={2023}
}
%freeu
@article{si2023freeu,
  title={FreeU: Free Lunch in Diffusion U-Net},
  author={Si, Chenyang and Huang, Ziqi and Jiang, Yuming and Liu, Ziwei},
  journal={arXiv preprint arXiv:2309.11497},
  year={2023}
}
%laion
@article{schuhmann2021laion,
  title={Laion-400m: Open dataset of clip-filtered 400 million image-text pairs},
  author={Schuhmann, Christoph and Vencu, Richard and Beaumont, Romain and Kaczmarczyk, Robert and Mullis, Clayton and Katta, Aarush and Coombes, Theo and Jitsev, Jenia and Komatsuzaki, Aran},
  journal={arXiv preprint arXiv:2111.02114},
  year={2021}
}
% fid
@article{kirstain2023pick,
  title={Pick-a-pic: An open dataset of user preferences for text-to-image generation},
  author={Kirstain, Yuval and Polyak, Adam and Singer, Uriel and Matiana, Shahbuland and Penna, Joe and Levy, Omer},
  journal={arXiv preprint arXiv:2305.01569},
  year={2023}
}
% llama
@article{touvron2023llama,
  title={Llama: Open and efficient foundation language models},
  author={Touvron, Hugo and Lavril, Thibaut and Izacard, Gautier and Martinet, Xavier and Lachaux, Marie-Anne and Lacroix, Timoth{\'e}e and Rozi{\`e}re, Baptiste and Goyal, Naman and Hambro, Eric and Azhar, Faisal and others},
  journal={arXiv preprint arXiv:2302.13971},
  year={2023}
}

% coco
@inproceedings{lin2014microsoft,
  title={Microsoft coco: Common objects in context},
  author={Lin, Tsung-Yi and Maire, Michael and Belongie, Serge and Hays, James and Perona, Pietro and Ramanan, Deva and Doll{\'a}r, Piotr and Zitnick, C Lawrence},
  booktitle={Computer Vision--ECCV 2014: 13th European Conference, Zurich, Switzerland, September 6-12, 2014, Proceedings, Part V 13},
  pages={740--755},
  year={2014},
  organization={Springer}
}

@inproceedings{wallace2024diffusion,
  title={Diffusion model alignment using direct preference optimization},
  author={Wallace, Bram and Dang, Meihua and Rafailov, Rafael and Zhou, Linqi and Lou, Aaron and Purushwalkam, Senthil and Ermon, Stefano and Xiong, Caiming and Joty, Shafiq and Naik, Nikhil},
  booktitle={Proceedings of the IEEE/CVF Conference on Computer Vision and Pattern Recognition},
  pages={8228--8238},
  year={2024}
}

@inproceedings{liang2024rich,
  title={Rich human feedback for text-to-image generation},
  author={Liang, Youwei and He, Junfeng and Li, Gang and Li, Peizhao and Klimovskiy, Arseniy and Carolan, Nicholas and Sun, Jiao and Pont-Tuset, Jordi and Young, Sarah and Yang, Feng and others},
  booktitle={Proceedings of the IEEE/CVF Conference on Computer Vision and Pattern Recognition},
  pages={19401--19411},
  year={2024}
}

@article{xu2024imagereward,
  title={Imagereward: Learning and evaluating human preferences for text-to-image generation},
  author={Xu, Jiazheng and Liu, Xiao and Wu, Yuchen and Tong, Yuxuan and Li, Qinkai and Ding, Ming and Tang, Jie and Dong, Yuxiao},
  journal={Advances in Neural Information Processing Systems},
  volume={36},
  year={2024}
}

@article{he2024freestyle,
  title={Freestyle: Free lunch for text-guided style transfer using diffusion models},
  author={He, Feihong and Li, Gang and Zhang, Mengyuan and Yan, Leilei and Si, Lingyu and Li, Fanzhang},
  journal={arXiv preprint arXiv:2401.15636},
  year={2024}
}

@article{raffel2020exploring,
  title={Exploring the limits of transfer learning with a unified text-to-text transformer},
  author={Raffel, Colin and Shazeer, Noam and Roberts, Adam and Lee, Katherine and Narang, Sharan and Matena, Michael and Zhou, Yanqi and Li, Wei and Liu, Peter J},
  journal={Journal of machine learning research},
  volume={21},
  number={140},
  pages={1--67},
  year={2020}
}

@article{loshchilov2017decoupled,
  title={Decoupled weight decay regularization},
  author={Loshchilov, Ilya and Hutter, Frank},
  journal={arXiv preprint arXiv:1711.05101},
  year={2017}
}

@misc{li2024playground,
      title={Playground v2.5: Three Insights towards Enhancing Aesthetic Quality in Text-to-Image Generation}, 
      author={Daiqing Li and Aleks Kamko and Ehsan Akhgari and Ali Sabet and Linmiao Xu and Suhail Doshi},
      year={2024},
      eprint={2402.17245},
      archivePrefix={arXiv},
      primaryClass={cs.CV}
}

% sd3
@inproceedings{esser2024scaling,
  title={Scaling rectified flow transformers for high-resolution image synthesis},
  author={Esser, Patrick and Kulal, Sumith and Blattmann, Andreas and Entezari, Rahim and M{\"u}ller, Jonas and Saini, Harry and Levi, Yam and Lorenz, Dominik and Sauer, Axel and Boesel, Frederic and others},
  booktitle={Forty-first International Conference on Machine Learning},
  year={2024}
}