
@STRING{acl = "ACL"}
@STRING{eacl = "EACL"}
@STRING{coling = "Coling"}
@STRING{lrec = "LREC"}
@STRING{naacl = "NAACL"}
@STRING{tacl = "TACL"}
@STRING{emnlp = "EMNLP"}
@STRING{kdd = "KDD"}
@STRING{icml = "ICML"}
@STRING{jmlr = "JMLR"}
@STRING{naacl = "NAACL"}
@STRING{nips = "NIPS"}
@STRING{neurips = "NeurIPS"}
@STRING{ranlp = "RANLP"}


%%Tasks


@misc{roar,
      title={{ROAR}: An Improved Evaluation and Quality Estimation Metric for Summarisation}, 
      author={Belen Alastruey and João Maria Janeiro and David Dale and Marta R. Costa-jussà},
      year={2024},
    journal={arxiv}
}

@article{T5:2020:jmlr,
  author  = {Colin Raffel and Noam Shazeer and Adam Roberts and Katherine Lee and Sharan Narang and Michael Matena and Yanqi Zhou and Wei Li and Peter J. Liu},
  title   = {Exploring the Limits of Transfer Learning with a Unified Text-to-Text Transformer},
  journal = {Journal of Machine Learning Research},
  year    = {2020},
  volume  = {21},
  number  = {140},
  pages   = {1--67},
  url     = {http://jmlr.org/papers/v21/20-074.html}
}

@misc{nguyen2024spiritlminterleavedspoken,
      title={{Spirit LM}: Interleaved Spoken and Written Language Model}, 
      author={Tu Anh Nguyen and Benjamin Muller and Bokai Yu and Marta R. Costa-jussa and Maha Elbayad and Sravya Popuri and Christophe Ropers and Paul-Ambroise Duquenne and Robin Algayres and Ruslan Mavlyutov and Itai Gat and Mary Williamson and Gabriel Synnaeve and Juan Pino and Benoit Sagot and Emmanuel Dupoux},
      year={2024},
    journal={TACL}
}

% please do not delete this entry, but COPY it for a new paper
@article{arxiv,
  author =        {},
  journal =       {ArXiv},
  title =         {},
  year =          {2024},
  volume =        {abs/},
  url =           {https://arxiv.org/pdf/},
}


@article{chameleon:2024:arxiv,
  author =        {{Chameleon team}},
  journal =       {ArXiv},
  title =         {Chameleon: Mixed-Modal Early-Fusion Foundation Models},
  year =          {2024},
  volume =        {abs/2405.09818},
  url =           {https://arxiv.org/pdf/2405.09818},
}

@article{chatglm:2024:arxiv,
  author =        {{Team GLM} and Aohan Zeng and Bin Xu and Bowen Wang and Chenhui Zhang and Da Yin and Dan Zhang and Diego Rojas and Guanyu Feng and Hanlin Zhao and Hanyu Lai and Hao Yu and Hongning Wang and Jiadai Sun and Jiajie Zhang and Jiale Cheng and Jiayi Gui and Jie Tang and Jing Zhang and Jingyu Sun and Juanzi Li and Lei Zhao and Lindong Wu and Lucen Zhong and Mingdao Liu and Minlie Huang and Peng Zhang and Qinkai Zheng and Rui Lu and Shuaiqi Duan and Shudan Zhang and Shulin Cao and Shuxun Yang and Weng Lam Tam and Wenyi Zhao and Xiao Liu and Xiao Xia and Xiaohan Zhang and Xiaotao Gu and Xin Lv and Xinghan Liu and Xinyi Liu and Xinyue Yang and Xixuan Song and Xunkai Zhang and Yifan An and Yifan Xu and Yilin Niu and Yuantao Yang and Yueyan Li and Yushi Bai and Yuxiao Dong and Zehan Qi and Zhaoyu Wang and Zhen Yang and Zhengxiao Du and Zhenyu Hou and Zihan Wang},
  journal =       {ArXiv},
  title =         {{ChatGLM}: A Family of Large Language Models from GLM-130B to GLM-4 All Tools},
  year =          {2024},
  volume =        {abs/2406.12793},
  url =           {https://arxiv.org/pdf/2406.12793},
}

@article{fuano:2024:arxiv,
  author =        {Andrea Bacciu and Giovanni Trappolini and Andrea Santilli and Emanuele Rodolà and Fabrizio Silvestri},
  journal =       {ArXiv},
  title =         {{Fauno}: The Italian Large Language Model that will leave you senza parole!},
  year =          {2024},
  volume =        {abs/2306.14457},
  url =           {https://arxiv.org/pdf/2306.14457},
}

@article{allam:2024:arxiv,
  author =        {M Saiful Bari and Yazeed Alnumay and Norah A. Alzahrani and Nouf M. Alotaibi and Hisham A. Alyahya and Sultan AlRashed and Faisal A. Mirza and Shaykhah Z. Alsubaie and Hassan A. Alahmed and Ghadah Alabduljabbar and Raghad Alkhathran and Yousef Almushayqih and Raneem Alnajim and Salman Alsubaihi and Maryam Al Mansour and Majed Alrubaian and Ali Alammari and Zaki Alawami and Abdulmohsen Al-Thubaity and Ahmed Abdelali and Jeril Kuriakose and Abdalghani Abujabal and Nora Al-Twairesh and Areeb Alowisheq and Haidar Khan},
  journal =       {ArXiv},
  title =         {{ALLaM}: Large Language Models for Arabic and English},
  year =          {2024},
  volume =        {abs/2407.15390},
  url =           {https://arxiv.org/pdf/2407.15390},
}

@article{2mbelebele,
  author =        {Marta R. Costa-jussà and Bokai Yu and Pierre Andrews and Belen Alastruey and Necati Cihan Camgoz and Joe Chuang and Jean Maillard and Christophe Ropers and Arina Turkantenko and Carleigh Wood},
  journal =       {ArXiv},
  title =         {{2M-BELEBELE}: Highly-Multilingual Speech and American Sign Language
Comprehension Dataset},
  year =          {2024},
}


@article{ynq,
  author =        {Marta R. Costa-jussà and Joy Chen and Ifeoluwanimi Adebara and Christophe Ropers and Eduardo Sánchez},
  journal =       {ArXiv},
  title =         {{Y-NQ}: English-Yorùbá Evaluation dataset for Open-Book Reading Comprehension and Text Generation},
  year =          {2024},
}

@article{lcfo,
  author =        {Marta R. Costa-jussà and Pierre Andrews and Mariano Coria Megliogli and Joy Chen and Joe Chuang and David Dale and Christophe Ropers and Alex Mourachko and Eduardo Sánchez and Holger Schwenk and Tuan Tran and Arina Turkatenko and Carleigh Wood},
  journal =       {ArXiv},
  title =         {{LCFO}: Long Context and Long Form Output Dataset and Benchmarking},
  year =          {2024},
}

@inproceedings{ami,
title = "The AMI Meeting Corpus",
author = "Jean Carletta and Wessel Kraaij and Simone Ashby and Sebastien Bourban and Michael Flynn and M. Guillemot and T. Hain and J. Kadlec and V. Karaiskos and M. Kronenthal and G. Lathoud and Michael Lincoln and A. Lisowska and W. Post and D. Reidsma and P. Wellner and L. McCowan",
year = "2005",
language = "English",
booktitle = "Proceedings of Symposium on Annotating and Measuring Meeting Behavior",
}


@inproceedings{PROC,
  author =        {Aguero, PD and Adell, Jordi and Bonafonte, Antonio},
  booktitle =     {2006 IEEE International Conference on Acoustics
                   Speech and Signal Processing Proceedings},
  organization =  {IEEE},
  pages =         {I--I},
  title =         {Prosody generation for speech-to-speech translation},
  volume =        {1},
  year =          {2006},
}

@article{ARXIV,
  author =        {author},
  journal =       {ArXiv},
  title =         {title},
  year =          {2024},
  volume =        {abs/2407.21783},
  url =           {https://arxiv.org/pdf/2407.21783},
}

@inproceedings{zhangbertscore,
  title={{BERTScore}: Evaluating Text Generation with {BERT}},
  author={Zhang, Tianyi and Kishore, Varsha and Wu, Felix and Weinberger, Kilian Q and Artzi, Yoav},
  booktitle={International Conference on Learning Representations},
  year = {2019}
}


@inproceedings{xsimpp:arxiv:2023,
    title = "x{SIM}++: An Improved Proxy to Bitext Mining Performance for Low-Resource Languages",
    author = "Chen, Mingda and Heffernan, Kevin and {\c{C}}elebi, Onur and Mourachko, Alexandre and Schwenk, Holger",
    booktitle = acl,
    year = "2023",
    url = "https://aclanthology.org/2023.acl-short.10",
    pages = "101--109"
}

@article{seamlessv2:arxiv:2023,
      title={{Seamless}: Multilingual Expressive and Streaming Speech Translation}, 
      author={{Seamless Communication} and Loïc Barrault and Yu-An Chung and Mariano Coria Meglioli and David Dale and Ning Dong and Mark Duppenthaler and Paul-Ambroise Duquenne and Brian Ellis and Hady Elsahar and Justin Haaheim and John Hoffman and Min-Jae Hwang and Hirofumi Inaguma and Christopher Klaiber and Ilia Kulikov and Pengwei Li and Daniel Licht and Jean Maillard and Ruslan Mavlyutov and Alice Rakotoarison and Kaushik Ram Sadagopan and Abinesh Ramakrishnan and Tuan Tran and Guillaume Wenzek and Yilin Yang and Ethan Ye and Ivan Evtimov and Pierre Fernandez and Cynthia Gao and Prangthip Hansanti and Elahe Kalbassi and Amanda Kallet and Artyom Kozhevnikov and Gabriel Mejia Gonzalez and Robin San Roman and Christophe Touret and Corinne Wong and Carleigh Wood and Bokai Yu and Pierre Andrews and Can Balioglu and Peng-Jen Chen and Marta R. Costa-jussà and Maha Elbayad and Hongyu Gong and Francisco Guzmán and Kevin Heffernan and Somya Jain and Justine Kao and Ann Lee and Xutai Ma and Alex Mourachko and Benjamin Peloquin and Juan Pino and Sravya Popuri and Christophe Ropers and Safiyyah Saleem and Holger Schwenk and Anna Sun and Paden Tomasello and Changhan Wang and Jeff Wang and Skyler Wang and Mary Williamson},
      journal =       {ArXiv},
      year =          {2023},
      volume =        {abs/2312.05187},
      url={https://arxiv.org/abs/2312.05187}, 
}

@misc{jepa:openreview:2022,
  author =        {Yann LeCun},
  title =         {A Path Towards Autonomous Machine Intelligence},
  year =          {2022},
  url =           {https://openreview.net/pdf?id=BZ5a1r-kVsf},
}

@article{ijepa:arxiv:2023,
  author =        {Mahmoud Assran and Quentin Duval and Ishan Misra and Piotr Bojanowski and Pascal Vincent and Michael Rabbat and Yann LeCun and Nicolas Ballas},
  journal =       {ArXiv},
  title =         {Self-Supervised Learning from Images with a Joint-Embedding Predictive Architecture},
  year =          {2024},
  volume =        {abs/2301.08243},
  url =           {https://arxiv.org/pdf/2301.08243},
}

@article{vjepa:arxiv:2023,
  author =        {Adrien Bardes and Quentin Garrido and Jean Ponce and Xinlei Chen and Michael Rabbat and Yann LeCun and Mahmoud Assran and Nicolas Ballas},
  journal =       {ArXiv},
  title =         {Revisiting Feature Prediction for Learning Visual Representations from Video},
  year =          {2024},
  volume =        {abs/2404.08471},
  url =           {https://arxiv.org/pdf/2404.08471},
}

@article{storyline-llm:arxiv:2020,
  author =        {Daphne Ippolito and David Grangier and Douglas Eck and Chris Callison{-}Burch},
  title =         {Toward Better Storylines with Sentence-Level Language Models},
  journal =       {ArXiv},
  year =          {2020},
  volume =        {abs/2005.05255},
  url =           {https://arxiv.org/pdf/2005.05255},
}

@inproceedings{inset:acl:2020,
  author =        {Yichen Huang and Yizhe Zhang and Oussama Elachqar and Yu Cheng},
  title =         {{INSET}: Sentence Infilling with INter-SEntential Transformer},
  booktitle =     acl,
  year =          {2020},
  pages =         {2502--2515},
  url =           {https://aclanthology.org/2020.acl-main.226.pdf},
}

@article{cnndm:neurip:2015,
  title =         {Teaching machines to read and comprehend},
  author =        {Hermann, Karl Moritz and Kocisky, Tomas and Grefenstette, Edward and Espeholt, Lasse and Kay, Will and Suleyman, Mustafa and Blunsom, Phil},
  journal =       {Advances in neural information processing systems},
  volume =        {28},
  year =          {2015}
}

@inproceedings{schluter2017limits,
  title={The limits of automatic summarisation according to rouge},
  author={Schluter, Natalie},
  booktitle={Proceedings of the 15th Conference of the European Chapter of the Association for Computational Linguistics},
  pages={41--45},
  year={2017},
  organization={Association for Computational Linguistics}
}

@inproceedings{lin2004rouge,
  title={Rouge: A package for automatic evaluation of summaries},
  author={Lin, Chin-Yew},
  booktitle={Text summarization branches out},
  pages={74--81},
  year={2004}
}

@article{que2024hellobench,
  title={Hellobench: Evaluating long text generation capabilities of large language models},
  author={Que, Haoran and Duan, Feiyu and He, Liqun and Mou, Yutao and Zhou, Wangchunshu and Liu, Jiaheng and Rong, Wenge and Wang, Zekun Moore and Yang, Jian and Zhang, Ge and others},
  journal={arXiv preprint arXiv:2409.16191},
  year={2024}
}

@inproceedings{dobrovolskii2021word,
  title={Word-Level Coreference Resolution},
  author={Dobrovolskii, Vladimir},
  booktitle={Proceedings of the 2021 Conference on Empirical Methods in Natural Language Processing},
  pages={7670--7675},
  year={2021}
}

@inproceedings{zhu2018texygen,
  title={Texygen: A benchmarking platform for text generation models},
  author={Zhu, Yaoming and Lu, Sidi and Zheng, Lei and Guo, Jiaxian and Zhang, Weinan and Wang, Jun and Yu, Yong},
  booktitle={The 41st international ACM SIGIR conference on research \& development in information retrieval},
  pages={1097--1100},
  year={2018}
}

@inproceedings{clark2023seahorse,
  title={SEAHORSE: A Multilingual, Multifaceted Dataset for Summarization Evaluation},
  author={Clark, Elizabeth and Rijhwani, Shruti and Gehrmann, Sebastian and Maynez, Joshua and Aharoni, Roee and Nikolaev, Vitaly and Sellam, Thibault and Siddhant, Aditya and Das, Dipanjan and Parikh, Ankur},
  booktitle={Proceedings of the 2023 Conference on Empirical Methods in Natural Language Processing},
  pages={9397--9413},
  year={2023}
}

@article{zhang2018generating,
  title={Generating informative and diverse conversational responses via adversarial information maximization},
  author={Zhang, Yizhe and Galley, Michel and Gao, Jianfeng and Gan, Zhe and Li, Xiujun and Brockett, Chris and Dolan, Bill},
  journal={Advances in Neural Information Processing Systems},
  volume={31},

  year={2018}
}

@inproceedings{li2016diversity,
  title={A Diversity-Promoting Objective Function for Neural Conversation Models},
  author={Li, Jiwei and Galley, Michel and Brockett, Chris and Gao, Jianfeng and Dolan, Bill},
  booktitle={Proc. of NAACL-HLT},
  year={2016}
}

@article{welleck2019neural,
  title={Neural text generation with unlikelihood training},
  author={Welleck, Sean and Kulikov, Ilia and Roller, Stephen and Dinan, Emily and Cho, Kyunghyun and Weston, Jason},
  journal={arXiv preprint arXiv:1908.04319},
  year={2019}
}

@inproceedings{sent_fluency_style20,
author={Kalpesh Krishna and John Wieting and Mohit Iyyer},
Booktitle = {Empirical Methods in Natural Language Processing},
Year = "2020",
Title={Reformulating Unsupervised Style Transfer as Paraphrase Generation},
}

@article{xsum:2018,
  title =         {Don't give me the details, just the summary! topic-aware convolutional neural networks for extreme summarization},
  author =        {Narayan, Shashi and Cohen, Shay B and Lapata, Mirella},
  journal =       {arXiv preprint arXiv:1808.08745},
  year =          {2018}
}

@inproceedings{newsum:acl:2021,
  author =        {Andreas Marfurt and James Henderson},
  booktitle =     acl,
  title =         {Sentence-level Planning for Especially Abstractive Summarization},
  year =          {2021},
  pages =         {1--14},
  url =           {https://aclanthology.org/2021.newsum-1.1.pdf},
}

@inproceedings{planner:neurips:2023,
  title =         {PLANNER: Generating Diversified Paragraph via Latent Language Diffusion Model},
  author =        {Yizhe Zhang and Jiatao Gu and Zhuofeng Wu and Shuangfei Zhai and Josh Susskind and Navdeep Jaitly},
  booktitle =     neurips,
  year =          {2023},
}

@inproceedings{lin2023text,
  title =         {Text generation with diffusion language models: A pre-training approach with continuous paragraph denoise},
  author =        {Lin, Zhenghao and Gong, Yeyun and Shen, Yelong and Wu, Tong and Fan, Zhihao and Lin, Chen and Duan, Nan and Chen, Weizhu},
  booktitle =     {International Conference on Machine Learning},
  pages =         {21051--21064},
  year =          {2023},
  organization =  {PMLR}
}

@article{diffguidlm:arxiv:2024,
  author =        {Justin Lovelace and Varsha Kishore and Yiwei Chen and Kilian Q. Weinberger},
  journal =       {ArXiv},
  title =         {Diffusion Guided Language Modeling},
  year =          {2024},
  volume =        {abs/2408.04220},
  url =           {https://arxiv.org/pdf/2408.04220},
}

@article{tencdm:arxiv:2024,
  author =        {Alexander Shabalin and Viacheslav Meshchaninov and Egor Chimbulatov and Vladislav Lapikov and Roman Kim and Grigory Bartosh and Dmitry Molchanov and Sergey Markov and Dmitry Vetrov},
  journal =       {ArXiv},
  title =         {TEncDM: Understanding the Properties of Diffusion Model in the Space of Language Model Encodings},
  year =          {2024},
  volume =        {abs/2402.19097},
  url =           {https://arxiv.org/pdf/2402.19097},
}


@article{semformer:arxiv:2024,
  author =        {Yongjing Yin and Junran Ding and Kai Song and Yue Zhang},
  journal =       {ArXiv},
  title =         {Semformer: Transformer Language Models with Semantic Planning},
  year =          {2024},
  volume =        {abs/2409.11143},
  url =           {https://arxiv.org/pdf/2409.11143},
}

@article{discdiff-reason:arxiv:2024,
  author =        {Jiacheng Ye and Jiahui Gao and Shansan Gong and Lin Zheng and Xin Jiang and Zhenguo Li and Lingpeng Kong},
  journal =       {ArXiv},
  title =         {Beyond Autoregression: Discrete Diffusion for Complex Reasoning and Planning},
  year =          {2024},
  volume =        {abs/2410.14157},
  url =           {https://arxiv.org/pdf/2410.14157},
}

@article{diffplan:arxiv:2024,
  author =        {Toshihide Ubukata and Jialong Li and Kenji Tei},
  journal =       {ArXiv},
  title =         {Diffusion Model for Planning: A Systematic Literature Review},
  year =          {2024},
  volume =        {abs/2408.10266},
  url =           {https://arxiv.org/pdf/2408.10266},
}



@article{llama3.arxiv.2024,
  author =        {{The Llama3 team}},
  journal =       {ArXiv},
  title =         {The {Llama 3} Herd of Models},
  volume =        {abs/2407.21783},
  year =          {2024},
  url =           {https://arxiv.org/pdf/2407.21783},
}

% last update: jan 8 2024
@article{mixtral.arxiv.2024,
  author =        {Albert Q. Jiang and Alexandre Sablayrolles and Antoine Roux and Arthur Mensch and Blanche Savary and Chris Bamford and Devendra Singh Chaplot and Diego de las Casas and Emma Bou Hanna and Florian Bressand and Gianna Lengyel and Guillaume Bour and Guillaume Lample and Lélio Renard Lavaud and Lucile Saulnier and Marie-Anne Lachaux and Pierre Stock and Sandeep Subramanian and Sophia Yang and Szymon Antoniak and Teven Le Scao and Théophile Gervet and Thibaut Lavril and Thomas Wang and Timothée Lacroix and William El Sayed},
  journal =       {ArXiv},
  title =         {{Mixtral}},
  volume =        {abs/2401.04088},
  year =          {2024},
  url =           {https://arxiv.org/pdf/2401.04088},
}


% last update: Oct 10 2023
@article{mistral7b.arxiv.2023,
  author =        {Albert Q. Jiang and Alexandre Sablayrolles and Arthur Mensch and Chris Bamford and Devendra Singh Chaplot and Diego de las Casas and Florian Bressand and Gianna Lengyel and Guillaume Lample and Lucile Saulnier and Lélio Renard Lavaud and Marie-Anne Lachaux and Pierre Stock and Teven Le Scao and Thibaut Lavril and Thomas Wang and Timothée Lacroix and William El Sayed},
  journal =       {ArXiv},
  title =         {{Mistral 7B}},
  volume =        {abs/2310.06825},
  year =          {2023},
  url =           {https://arxiv.org/pdf/2310.06825},
}


% last update: Oct 10 2024
@article{pixtral12b.arxiv.2023,
  author =        {Pravesh Agrawal and Szymon Antoniak and Emma Bou Hanna and Baptiste Bout and Devendra Chaplot and Jessica Chudnovsky and Diogo Costa and Baudouin De Monicault and Saurabh Garg and Theophile Gervet and Soham Ghosh and Amélie Héliou and Paul Jacob and Albert Q. Jiang and Kartik Khandelwal and Timothée Lacroix and Guillaume Lample and Diego Las Casas and Thibaut Lavril and Teven Le Scao and Andy Lo and William Marshall and Louis Martin and Arthur Mensch and Pavankumar Muddireddy and Valera Nemychnikova and Marie Pellat and Patrick Von Platen and Nikhil Raghuraman and Baptiste Rozière and Alexandre Sablayrolles and Lucile Saulnier and Romain Sauvestre and Wendy Shang and Roman Soletskyi and Lawrence Stewart and Pierre Stock and Joachim Studnia and Sandeep Subramanian and Sagar Vaze and Thomas Wang and Sophia Yang},
  journal =       {ArXiv},
  title =         {{Pixtral 12B}},
  volume =        {abs/2410.07073},
  year =          {2024},
  url =           {https://arxiv.org/pdf/2410.07073},
}

% last update: Mar 3 2024
@article{gpt4.arxiv.2024,
  author =        {{OpenAI}},
  journal =       {ArXiv},
  title =         {{GPT-4} Technical Report},
  volume =        {abs/2303.08774},
  year =          {2024},
  url =           {https://arxiv.org/pdf/2303.08774},
}

% last update: Jun 27 2023
@article{bloom.arxiv.2023,
  author =        {{BigScience Workshop}},
  journal =       {ArXiv},
  title =         {{BLOOM:} A 176B-Parameter Open-Access Multilingual Language Model},
  volume =        {abs/2211.05100},
  year =          {2023},
  url =           {https://arxiv.org/pdf/2211.05100},
}

% last update: Jun 27 2023
@article{falcon.arxiv.2023,
  author =        {Ebtesam Almazrouei and Hamza Alobeidli and Abdulaziz Alshamsi and Alessandro Cappelli and Ruxandra Cojocaru and Mérouane Debbah and Étienne Goffinet and Daniel Hesslow and Julien Launay and Quentin Malartic and Daniele Mazzotta and Badreddine Noune and Baptiste Pannier and Guilherme Penedo},
  journal =       {ArXiv},
  title =         {The {Falcon} Series of Open Language Models},
  volume =        {abs/2311.16867},
  year =          {2023},
  url =           {https://arxiv.org/pdf/2311.16867},
}

% last update: Aug 8 2024
@article{gemini15.arxiv.2024,
  author =        {{Gemini Team Google}},
  journal =       {ArXiv},
  title =         {{Gemini 1.5} Unlocking multimodal understanding across millions of tokens of conte},
  volume =        {abs/2403.05530},
  year =          {2024},
  url =           {https://arxiv.org/pdf/2403.05530},
}

% last update: Jun 17 2024
@article{gemini-fam.arxiv.2024,
  author =        {{Gemini Team Google}},
  journal =       {ArXiv},
  title =         {{Gemini:} A Family of Highly Capable Multimodal Models},
  volume =        {abs/2312.11805},
  year =          {2024},
  url =           {https://arxiv.org/pdf/2312.11805},
}

% last update: Jun 17 2024
@misc{claude3.anthropic.2024,
  author =        {Anthropic},
  title =         {The {Claude 3} Model Family: Opus, Sonnet, Haiku},
  year =          {2024},
  url =           {https://www-cdn.anthropic.com/de8ba9b01c9ab7cbabf5c33b80b7bbc618857627/Model_Card_Claude_3.pdf},
}

%****************************************************************************************
% refs from SONAR paper

@inproceedings{interspeech,
  title={Modular Speech-to-Text Translation for Zero-Shot Cross-Modal Transfer},
  author={Paul-Ambroise Duquenne and Holger Schwenk and Benoît Sagot},
  booktitle={Interspeech},
  year={2023},
}

@article{berard2016listen,
  title={Listen and translate: A proof of concept for end-to-end speech-to-text translation},
  author={B{\'e}rard, Alexandre and Pietquin, Olivier and Servan, Christophe and Besacier, Laurent},
  journal={arXiv preprint arXiv:1612.01744},
  year={2016}
}
@article{bansal2017towards,
  title={Towards speech-to-text translation without speech recognition},
  author={Bansal, Sameer and Kamper, Herman and Lopez, Adam and Goldwater, Sharon},
  journal={EACL 2017},
  pages={474},
  year={2017}
}
@article{weiss2017sequence,
  title={Sequence-to-Sequence Models Can Directly Translate Foreign Speech},
  author={Weiss, Ron J and Chorowski, Jan and Jaitly, Navdeep and Wu, Yonghui and Chen, Zhifeng},
  journal={Proc. Interspeech 2017},
  pages={2625--2629},
  year={2017}
}
@article{mslam,
  title={mSLAM: Massively multilingual joint pre-training for speech and text},
  author={Bapna, Ankur and Cherry, Colin and Zhang, Yu and Jia, Ye and Johnson, Melvin and Cheng, Yong and Khanuja, Simran and Riesa, Jason and Conneau, Alexis},
  journal={arXiv preprint arXiv:2202.01374},
  year={2022}
}
@article{chen2022maestro,
  title={MAESTRO: Matched Speech Text Representations through Modality Matching},
  author={Chen, Zhehuai and Zhang, Yu and Rosenberg, Andrew and Ramabhadran, Bhuvana and Moreno, Pedro and Bapna, Ankur and Zen, Heiga},
  journal={arXiv preprint arXiv:2204.03409},
  year={2022}
}
@inproceedings{escolano2021enabling,
  title={Enabling zero-shot multilingual spoken language translation with language-specific encoders and decoders},
  author={Escolano, Carlos and Costa-juss{\`a}, Marta R and Fonollosa, Jos{\'e} AR and Segura, Carlos},
  booktitle={2021 IEEE Automatic Speech Recognition and Understanding Workshop (ASRU)},
  pages={694--701},
  year={2021},
  organization={IEEE}
}
@article{tmodules,
  title={T-Modules: Translation Modules for Zero-Shot Cross-Modal Machine Translation},
  author={Duquenne, Paul-Ambroise and Gong, Hongyu and Sagot, Beno{\^\i}t and Schwenk, Holger},
  journal={arXiv preprint arXiv:2205.12216},
  year={2022}
}
@inproceedings{tmodules:acl,
  title={T-Modules: Translation Modules for Zero-Shot Cross-Modal Machine Translation},
  author={Duquenne, Paul-Ambroise and Gong, Hongyu and Sagot, Beno{\^\i}t and Schwenk, Holger},
  booktitle=emnlp,
  pages={5794--5806},
  year={2022},
URL={https://aclanthology.org/2022.emnlp-main.391.pdf}
}
@article{covost2:2020:arxiv,
  title={Covost 2 and massively multilingual speech-to-text translation},
  author={Wang, Changhan and Wu, Anne and Pino, Juan},
  journal={arXiv preprint arXiv:2007.10310},
  year={2020}
}
@article{wav2vec2,
  title={wav2vec 2.0: A framework for self-supervised learning of speech representations},
  author={Baevski, Alexei and Zhou, Yuhao and Mohamed, Abdelrahman and Auli, Michael},
  journal=neurips,
  volume={33},
  pages={12449--12460},
  year={2020}
}
@inproceedings{Duquenne:2021:nips_mine,
  title={Multimodal and multilingual embeddings for large-scale speech mining},
  author={Duquenne, Paul-Ambroise and Gong, Hongyu and Schwenk, Holger},
  booktitle=neurips,
  pages = {15748--15761},
  volume={34},
  year={2021},
  URL={https://proceedings.neurips.cc/paper/2021/file/8466f9ace6a9acbe71f75762ffc890f1-Paper.pdf}
}
@article{duquenne2022speechmatrix,
  title={SpeechMatrix: A Large-Scale Mined Corpus of Multilingual Speech-to-Speech Translations},
  author={Duquenne, Paul-Ambroise and Gong, Hongyu and Dong, Ning and Du, Jingfei and Lee, Ann and Goswani, Vedanuj and Wang, Changhan and Pino, Juan and Sagot, Beno{\^\i}t and Schwenk, Holger},
  journal={arXiv preprint arXiv:2211.04508},
  year={2022}
}
@article{liu2020multilingual,
  title={Multilingual denoising pre-training for neural machine translation},
  author={Liu, Yinhan and Gu, Jiatao and Goyal, Naman and Li, Xian and Edunov, Sergey and Ghazvininejad, Marjan and Lewis, Mike and Zettlemoyer, Luke},
  journal={Transactions of the Association for Computational Linguistics},
  volume={8},
  pages={726--742},
  year={2020},
  publisher={MIT Press}
}
@article{martin2020muss,
  title={MUSS: multilingual unsupervised sentence simplification by mining paraphrases},
  author={Martin, Louis and Fan, Angela and De La Clergerie, {\'E}ric and Bordes, Antoine and Sagot, Beno{\^\i}t},
  journal={arXiv preprint arXiv:2005.00352},
  year={2020}
}
@article{khurana2022samu,
  title={SAMU-XLSR: Semantically-Aligned Multimodal Utterance-level Cross-Lingual Speech Representation},
  author={Khurana, Sameer and Laurent, Antoine and Glass, James},
  journal={arXiv preprint arXiv:2205.08180},
  year={2022}
}
@inproceedings{xlmr,
  title={Unsupervised Cross-lingual Representation Learning at Scale},
  author={Conneau, Alexis and Khandelwal, Kartikay and Goyal, Naman and Chaudhary, Vishrav and Wenzek, Guillaume and Guzm{\'a}n, Francisco and Grave, Edouard and Ott, Myle and Zettlemoyer, Luke and Stoyanov, Veselin},
  booktitle={ACL},
  year={2020}
}
@InProceedings{schwenk:2021:acl_ccmatrix,
  title={{CCMatrix}: Mining billions of high-quality parallel sentences on the web},
  author={Schwenk, Holger and Wenzek, Guillaume and Edunov, Sergey and Grave, Edouard and Joulin, Armand and Fan, Angela},
  booktitle = acl,
  pages = {6490–6500},
  year={2021}
}
@article{Artetxe:2019:tacl_massive_ml,
  title = {Massively Multilingual Sentence Embeddings for Zero-Shot Cross-Lingual Transfer and Beyond},
  author = {Mikel Artetxe and Holger Schwenk},
  journal = tacl,
  vol = "7",
  year = {2019},
  pages = "597--610",
}
@article{flores,
  title={The flores-101 evaluation benchmark for low-resource and multilingual machine translation},
  author={Goyal, Naman and Gao, Cynthia and Chaudhary, Vishrav and Chen, Peng-Jen and Wenzek, Guillaume and Ju, Da and Krishnan, Sanjana and Ranzato, Marc’Aurelio and Guzman, Francisco and Fan, Angela},
  journal={Transactions of the Association for Computational Linguistics},
  volume={10},
  pages={522--538},
  year={2022},
  publisher={MIT Press}
}
@article{m2m100,
  title={Beyond english-centric multilingual machine translation},
  author={Fan, Angela and Bhosale, Shruti and Schwenk, Holger and Ma, Zhiyi and El-Kishky, Ahmed and Goyal, Siddharth and Baines, Mandeep and Celebi, Onur and Wenzek, Guillaume and Chaudhary, Vishrav and others},
  journal={Journal of Machine Learning Research},
  volume={22},
  number={107},
  pages={1--48},
  year={2021}
}
@article{wang2022deepnet,
  title={DeepNet: Scaling Transformers to 1,000 Layers},
  author={Wang, Hongyu and Ma, Shuming and Dong, Li and Huang, Shaohan and Zhang, Dongdong and Wei, Furu},
  journal={arXiv preprint arXiv:2203.00555},
  year={2022}
}

@techreport{radford2022robust,
  title={Robust Speech Recognition via Large-Scale Weak Supervision},
  author={Radford, Alec and Kim, Jong Wook and Xu, Tao and Brockman, Greg and McLeavey, Christine and Sutskever, Ilya},
  year={2022},
  institution={Technical report, OpenAI, 2022. URL https://cdn. openai. com/papers/whisper. pdf}
}
@article{heffernan2022bitext,
  title={Bitext Mining Using Distilled Sentence Representations for Low-Resource Languages},
  author={Heffernan, Kevin and {\c{C}}elebi, Onur and Schwenk, Holger},
  journal={arXiv preprint arXiv:2205.12654},
  year={2022}
}
@article{ye2022cross,
  title={Cross-modal Contrastive Learning for Speech Translation},
  author={Ye, Rong and Wang, Mingxuan and Li, Lei},
  journal={arXiv preprint arXiv:2205.02444},
  year={2022}
}
@inproceedings{dong2021listen,
  title={Listen, understand and translate: Triple supervision decouples end-to-end speech-to-text translation},
  author={Dong, Qianqian and Ye, Rong and Wang, Mingxuan and Zhou, Hao and Xu, Shuang and Xu, Bo and Li, Lei},
  booktitle={Proceedings of the AAAI Conference on Artificial Intelligence},
  volume={35},
  number={14},
  pages={12749--12759},
  year={2021}
}
@inproceedings{conneau2023fleurs,
  title={Fleurs: Few-shot learning evaluation of universal representations of speech},
  author={Conneau, Alexis and Ma, Min and Khanuja, Simran and Zhang, Yu and Axelrod, Vera and Dalmia, Siddharth and Riesa, Jason and Rivera, Clara and Bapna, Ankur},
  booktitle={2022 IEEE Spoken Language Technology Workshop (SLT)},
  pages={798--805},
  year={2023},
  organization={IEEE}
}
@article{devlin2018bert,
  title={{BERT}: Pre-training of deep bidirectional transformers for language understanding},
  author={Devlin, Jacob and Chang, Ming-Wei and Lee, Kenton and Toutanova, Kristina},
  journal={arXiv preprint arXiv:1810.04805},
  year={2018}
}
@inproceedings{chung2021w2v,
  title={{W2v-bert}: Combining contrastive learning and masked language modeling for self-supervised speech pre-training},
  author={Chung, Yu-An and Zhang, Yu and Han, Wei and Chiu, Chung-Cheng and Qin, James and Pang, Ruoming and Wu, Yonghui},
  booktitle={2021 IEEE Automatic Speech Recognition and Understanding Workshop (ASRU)},
  pages={244--250},
  year={2021},
  organization={IEEE}
}
@article{ardila2019common,
  title={Common voice: A massively-multilingual speech corpus},
  author={Ardila, Rosana and Branson, Megan and Davis, Kelly and Henretty, Michael and Kohler, Michael and Meyer, Josh and Morais, Reuben and Saunders, Lindsay and Tyers, Francis M and Weber, Gregor},
  journal={arXiv preprint arXiv:1912.06670},
  year={2019}
}
@article{yang2019improving,
  title={Improving multilingual sentence embedding using bi-directional dual encoder with additive margin softmax},
  author={Yang, Yinfei and Abrego, Gustavo Hernandez and Yuan, Steve and Guo, Mandy and Shen, Qinlan and Cer, Daniel and Sung, Yun-Hsuan and Strope, Brian and Kurzweil, Ray},
  journal={arXiv preprint arXiv:1902.08564},
  year={2019}
}
@article{pham2019improving,
  title={Improving zero-shot translation with language-independent constraints},
  author={Pham, Ngoc-Quan and Niehues, Jan and Ha, Thanh-Le and Waibel, Alex},
  year={2019}
}
@article{chen2023xsim++,
  title={xSIM++: An Improved Proxy to Bitext Mining Performance for Low-Resource Languages},
  author={Chen, Mingda and Heffernan, Kevin and {\c{C}}elebi, Onur and Mourachko, Alex and Schwenk, Holger},
  journal={arXiv preprint arXiv:2306.12907},
  year={2023}
}
@article{conneau2019unsupervised,
  title={Unsupervised cross-lingual representation learning at scale},
  author={Conneau, Alexis and Khandelwal, Kartikay and Goyal, Naman and Chaudhary, Vishrav and Wenzek, Guillaume and Guzm{\'a}n, Francisco and Grave, Edouard and Ott, Myle and Zettlemoyer, Luke and Stoyanov, Veselin},
  journal={arXiv preprint arXiv:1911.02116},
  year={2019}
}
@article{clark2020electra,
  title={Electra: Pre-training text encoders as discriminators rather than generators},
  author={Clark, Kevin and Luong, Minh-Thang and Le, Quoc V and Manning, Christopher D},
  journal={arXiv preprint arXiv:2003.10555},
  year={2020}
}
@article{costa2022no,
  title={No language left behind: Scaling human-centered machine translation},
  author={NLLB Team, Costa-juss{\`a}, Marta R and Cross, James and {\c{C}}elebi, Onur and Elbayad, Maha and Heafield, Kenneth and Heffernan, Kevin and Kalbassi, Elahe and Lam, Janice and Licht, Daniel and Maillard, Jean and others},
  journal={arXiv preprint arXiv:2207.04672},
  year={2022}
}
@article{laser3,
  title={Bitext Mining Using Distilled Sentence Representations for Low-Resource Languages},
  author={Heffernan, Kevin and {\c{C}}elebi, Onur and Schwenk, Holger},
  journal={arXiv preprint arXiv:2205.12654},
  year={2022}
}
@inproceedings{laser3:acl,
  title={Bitext Mining Using Distilled Sentence Representations for Low-Resource Languages},
  author={Heffernan, Kevin and {\c{C}}elebi, Onur and Schwenk, Holger},
  booktitle=acl,
  pages={2101--2112},
  year={2022},
  URL={https://aclanthology.org/2022.findings-emnlp.154.pdf}
}
@article{reimers2019sentence,
  title={{Sentence-bert}: Sentence embeddings using siamese {Bert}-networks},
  author={Reimers, Nils and Gurevych, Iryna},
  journal={arXiv preprint arXiv:1908.10084},
  year={2019}
}
@article{cer2018universal,
  title={Universal sentence encoder},
  author={Cer, Daniel and Yang, Yinfei and Kong, Sheng-yi and Hua, Nan and Limtiaco, Nicole and John, Rhomni St and Constant, Noah and Guajardo-Cespedes, Mario and Yuan, Steve and Tar, Chris and others},
  journal={arXiv preprint arXiv:1803.11175},
  year={2018}
}
@article{conneau2017supervised,
  title={Supervised learning of universal sentence representations from natural language inference data},
  author={Conneau, Alexis and Kiela, Douwe and Schwenk, Holger and Barrault, Loic and Bordes, Antoine},
  journal={arXiv preprint arXiv:1705.02364},
  year={2017}
}
@InProceedings{Reimers,
  title = {Making Monolingual Sentence Embeddings Multilingual using Knowledge Distillation},
  author = {Nils Reimers and Iryna Gurevych},
  year = 2020,
  booktitle = emnlp,
  pages = {4512--4525},
}
@article{liu2020bridging,
  title={Bridging the modality gap for speech-to-text translation},
  author={Liu, Yuchen and Zhu, Junnan and Zhang, Jiajun and Zong, Chengqing},
  journal={arXiv preprint arXiv:2010.14920},
  year={2020}
}
@inproceedings{alinejad2020effectively,
  title={Effectively pretraining a speech translation decoder with machine translation data},
  author={Alinejad, Ashkan and Sarkar, Anoop},
  booktitle={Proceedings of the 2020 Conference on Empirical Methods in Natural Language Processing (EMNLP)},
  pages={8014--8020},
  year={2020}
}
@article{zhang2022bridging,
  title={Bridging the Cross-Modal Gap Using Adversarial Training for Speech-to-Text Translation},
  author={Zhang, Hao and Yang, Xukui and Qu, Dan and Li, Zhen},
  journal={Digital Signal Processing},
  pages={103764},
  year={2022},
  publisher={Elsevier}
}
@article{xu2021stacked,
  title={Stacked acoustic-and-textual encoding: Integrating the pre-trained models into speech translation encoders},
  author={Xu, Chen and Hu, Bojie and Li, Yanyang and Zhang, Yuhao and Ju, Qi and Xiao, Tong and Zhu, Jingbo and others},
  journal={arXiv preprint arXiv:2105.05752},
  year={2021}
}
@article{labse,
  title={Language-agnostic {BERT} sentence embedding},
  author={Feng, Fangxiaoyu and Yang, Yinfei and Cer, Daniel and Arivazhagan, Naveen and Wang, Wei},
  journal={arXiv preprint arXiv:2007.01852},
  year={2020}
}
@inproceedings{li2020multilingual,
  title={Multilingual Speech Translation from Efficient Finetuning of Pretrained Models},
  author={Li, Xian and Wang, Changhan and Tang, Yun and Tran, Chau and Tang, Yuqing and Pino, Juan and Baevski, Alexei and Conneau, Alexis and Auli, Michael},
  booktitle={Proceedings of the 59th Annual Meeting of the Association for Computational Linguistics and the 11th International Joint Conference on Natural Language Processing (Volume 1: Long Papers)},
  pages={827--838},
  year={2021}
}
@inproceedings{mustc:2019:naacl,
    title = "{M}u{ST}-{C}: a {M}ultilingual {S}peech {T}ranslation {C}orpus",
    author = "Di Gangi, Mattia A.  and Cattoni, Roldano  and Bentivogli, Luisa  and Negri, Matteo  and Turchi, Marco",
    booktitle = naacl,
    year = "2019",
    url = "https://aclanthology.org/N19-1202",
    pages = "2012--2017",
}
@inproceedings{wang-etal-2021-voxpopuli,
    title = "{V}ox{P}opuli: A Large-Scale Multilingual Speech Corpus for Representation Learning, Semi-Supervised Learning and Interpretation",
    author = "Wang, Changhan  and
      Riviere, Morgane  and
      Lee, Ann  and
      Wu, Anne  and
      Talnikar, Chaitanya  and
      Haziza, Daniel  and
      Williamson, Mary  and
      Pino, Juan  and
      Dupoux, Emmanuel",
    booktitle = "Proceedings of the 59th Annual Meeting of the Association for Computational Linguistics and the 11th International Joint Conference on Natural Language Processing (Volume 1: Long Papers)",
    month = aug,
    year = "2021",
    address = "Online",
    publisher = "Association for Computational Linguistics",
    url = "https://aclanthology.org/2021.acl-long.80",
    pages = "993--1003",
}
@inproceedings{panayotov2015librispeech,
  title={Librispeech: an asr corpus based on public domain audio books},
  author={Panayotov, Vassil and Chen, Guoguo and Povey, Daniel and Khudanpur, Sanjeev},
  booktitle={2015 IEEE international conference on acoustics, speech and signal processing (ICASSP)},
  pages={5206--5210},
  year={2015},
  organization={IEEE}
}

@article{ho2022imagenvideo,
      title={Imagen Video: High Definition Video Generation with Diffusion Models}, 
      author={Jonathan Ho and William Chan and Chitwan Saharia and Jay Whang and Ruiqi Gao and Alexey Gritsenko and Diederik P. Kingma and Ben Poole and Mohammad Norouzi and David J. Fleet and Tim Salimans},
      year={2022},
  journal =       {ArXiv},
      volume={abs/2210.02303},
      url={https://arxiv.org/abs/2210.02303}, 
}


@misc{dalle3,
  title={Improving Image Generation with Better Captions},
  author={James Betker and Gabriel Goh and Li Jing and TimBrooks and Jianfeng Wang and Linjie Li and LongOuyang and JuntangZhuang and JoyceLee and YufeiGuo and WesamManassra and PrafullaDhariwal and CaseyChu and YunxinJiao and Aditya Ramesh},
  url={https://api.semanticscholar.org/CorpusID:264403242},
  year = {2023},
}

@article{DDIM,
  author       = {Jiaming Song and
                  Chenlin Meng and
                  Stefano Ermon},
  title        = {Denoising Diffusion Implicit Models},
  journal      = {CoRR},
  volume       = {abs/2010.02502},
  year         = {2020},
  url          = {https://arxiv.org/abs/2010.02502},
  eprinttype    = {arXiv},
  eprint       = {2010.02502},
  timestamp    = {Mon, 12 Oct 2020 17:53:10 +0200},
  biburl       = {https://dblp.org/rec/journals/corr/abs-2010-02502.bib},
  bibsource    = {dblp computer science bibliography, https://dblp.org}
}

@article{DDPM,
  author       = {Jonathan Ho and
                  Ajay Jain and
                  Pieter Abbeel},
  title        = {Denoising Diffusion Probabilistic Models},
  journal      = {CoRR},
  volume       = {abs/2006.11239},
  year         = {2020},
  url          = {https://arxiv.org/abs/2006.11239},
  eprinttype    = {arXiv},
  eprint       = {2006.11239},
  timestamp    = {Tue, 23 Jun 2020 17:57:22 +0200},
  biburl       = {https://dblp.org/rec/journals/corr/abs-2006-11239.bib},
  bibsource    = {dblp computer science bibliography, https://dblp.org}
}

@inproceedings{chen-etal-2023-blaser,
  author =        {Chen, Mingda and Duquenne, Paul-Ambroise and
                   Andrews, Pierre and Kao, Justine and
                   Mourachko, Alexandre and Schwenk, Holger and
                   Costa-juss{\`a}, Marta R.},
  booktitle =     acl,
  pages =         {9064--9079},
  title =         {{BLASER}: A Text-Free Speech-to-Speech Translation
                   Evaluation Metric},
  year =          {2023},
  url =           {https://aclanthology.org/2023.acl-long.504},
}

@article{rombach_image_diffusion,
  author       = {Robin Rombach and
                  Andreas Blattmann and
                  Dominik Lorenz and
                  Patrick Esser and
                  Bj{\"{o}}rn Ommer},
  title        = {High-Resolution Image Synthesis with Latent Diffusion Models},
  journal      = {CoRR},
  volume       = {abs/2112.10752},
  year         = {2021},
  url          = {https://arxiv.org/abs/2112.10752},
  eprinttype    = {arXiv},
  eprint       = {2112.10752},
  timestamp    = {Tue, 04 Jan 2022 15:59:27 +0100},
  biburl       = {https://dblp.org/rec/journals/corr/abs-2112-10752.bib},
  bibsource    = {dblp computer science bibliography, https://dblp.org}
}

@inproceedings{perez2018film,
    title={Film: Visual reasoning with a general conditioning layer},
    author={Perez, Ethan and Strub, Florian and De Vries, Harm and Dumoulin, Vincent and Courville, Aaron},
    booktitle={Proceedings of the AAAI conference on artificial intelligence},
    year={2018}
}

@inproceedings{peebles2023scalable,
    title={Scalable diffusion models with transformers},
    author={Peebles, William and Xie, Saining},
    booktitle={Proceedings of the IEEE/CVF International Conference on Computer Vision},
    pages={4195--4205},
    year={2023}
}

@article{goyal2017accurate,
  title={Accurate, large minibatch SG D: training imagenet in 1 hour},
  author={Goyal, P},
  journal={arXiv preprint arXiv:1706.02677},
  year={2017}
}

@article{dhariwal2021diffusion,
    title={Diffusion models beat gans on image synthesis},
    author={Dhariwal, Prafulla and Nichol, Alexander},
    journal={Advances in neural information processing systems},
    volume={34},
    pages={8780--8794},
    year={2021}
}

@inproceedings{frohmann-etal-2024-segment,
    title = "{Segment Any Text}: A Universal Approach for Robust, Efficient and Adaptable Sentence Segmentation",
    author = "Frohmann, Markus  and
      Sterner, Igor  and
      Vuli{\'c}, Ivan  and
      Minixhofer, Benjamin  and
      Schedl, Markus",
    booktitle = emnlp,
    year = "2024",
    url = "https://aclanthology.org/2024.emnlp-main.665",
    pages = "11908--11941"
}

@inproceedings{minixhofer-etal-2023-wheres,
    title = "Where{'}s the Point? Self-Supervised Multilingual Punctuation-Agnostic Sentence Segmentation",
    author = "Minixhofer, Benjamin  and
      Pfeiffer, Jonas  and
      Vuli{\'c}, Ivan",
    booktitle = "Proceedings of the 61st Annual Meeting of the Association for Computational Linguistics (Volume 1: Long Papers)",
    month = jul,
    year = "2023",
    address = "Toronto, Canada",
    publisher = "Association for Computational Linguistics",
    url = "https://aclanthology.org/2023.acl-long.398",
    pages = "7215--7235"
}

@misc{Honnibal_spaCy_Industrial-strength_Natural_2020,
author = {Honnibal, Matthew and Montani, Ines and Van Landeghem, Sofie and Boyd, Adriane},
doi = {10.5281/zenodo.1212303},
title = {{spaCy: Industrial-strength Natural Language Processing in Python}},
year = {2020}
}


@misc{zhang2024mgtegeneralizedlongcontexttext,
      title={mGTE: Generalized Long-Context Text Representation and Reranking Models for Multilingual Text Retrieval}, 
      author={Xin Zhang and Yanzhao Zhang and Dingkun Long and Wen Xie and Ziqi Dai and Jialong Tang and Huan Lin and Baosong Yang and Pengjun Xie and Fei Huang and Meishan Zhang and Wenjie Li and Min Zhang},
      year={2024},
      eprint={2407.19669},
      archivePrefix={arXiv},
      primaryClass={cs.CL},
      url={https://arxiv.org/abs/2407.19669}, 
}

@article{karras2022elucidating,
title={Elucidating the design space of diffusion-based generative models},
author={Karras, Tero and Aittala, Miika and Aila, Timo and Laine, Samuli},
journal={Advances in neural information processing systems},
volume={35},
pages={26565--26577},
year={2022}
}

@article{ning2023elucidating,
  title={Elucidating the exposure bias in diffusion models},
  author={Ning, Mang and Li, Mingxiao and Su, Jianlin and Salah, Albert Ali and Ertugrul, Itir Onal},
  journal={arXiv preprint arXiv:2308.15321},
  year={2023}
}

@article{kingma2024understanding,
title={Understanding diffusion objectives as the elbo with simple data augmentation},
author={Kingma, Diederik and Gao, Ruiqi},
journal={Advances in Neural Information Processing Systems},
volume={36},
year={2024}
}

@inproceedings{nichol2021improved,
title={Improved denoising diffusion probabilistic models},
author={Nichol, Alexander Quinn and Dhariwal, Prafulla},
booktitle={International conference on machine learning},
pages={8162--8171},
year={2021},
organization={PMLR}
}

@inproceedings{glide,
title =    {{GLIDE}: Towards Photorealistic Image Generation and Editing with Text-Guided Diffusion Models},
author =       {Nichol, Alexander Quinn and Dhariwal, Prafulla and Ramesh, Aditya and Shyam, Pranav and Mishkin, Pamela and Mcgrew, Bob and Sutskever, Ilya and Chen, Mark},
booktitle =    {Proceedings of the 39th International Conference on Machine Learning},
pages =      {16784--16804},
year =     {2022},
editor =     {Chaudhuri, Kamalika and Jegelka, Stefanie and Song, Le and Szepesvari, Csaba and Niu, Gang and Sabato, Sivan},
volume =   {162},
series =     {Proceedings of Machine Learning Research},
month =    {17--23 Jul},
publisher =    {PMLR},
pdf =      {https://proceedings.mlr.press/v162/nichol22a/nichol22a.pdf},
url =    {https://proceedings.mlr.press/v162/nichol22a.html},
}


@inproceedings{minsnr,
title={Efficient diffusion training via min-snr weighting strategy},
author={Hang, Tiankai and Gu, Shuyang and Li, Chen and Bao, Jianmin and Chen, Dong and Hu, Han and Geng, Xin and Guo, Baining},
booktitle={Proceedings of the IEEE/CVF International Conference on Computer Vision},
pages={7441--7451},
year={2023}
}

@article{maxsnr,
title={Progressive distillation for fast sampling of diffusion models},
author={Salimans, Tim and Ho, Jonathan},
journal={arXiv preprint arXiv:2202.00512},
year={2022}
}

@misc{fineweb-edu,
  author = {Lozhkov, Anton and Ben Allal, Loubna and von Werra, Leandro and Wolf, Thomas},
  title = {FineWeb-Edu},
  month = May,
  year = 2024,
  doi = { 10.57967/hf/2497 },
  url = {https://huggingface.co/datasets/HuggingFaceFW/fineweb-edu}
}

@misc{rsc,
title={Introducing the AI Research SuperCluster — Meta’s cutting-edge AI supercomputer for AI research},
year=2022,
 url={https://ai.facebook.com/blog/ai-rsc/},
author={Lee, Kevin and Sengupta, Shubho}                      }

@misc{cosmopedia,
  author = {Ben Allal, Loubna and Lozhkov, Anton and Penedo, Guilherme and Wolf, Thomas and von Werra, Leandro},
  title = {Cosmopedia},
  year = 2024,
  url = {https://huggingface.co/datasets/HuggingFaceTB/cosmopedia}
}

@inproceedings{rocstories,
    title = "A Corpus and Cloze Evaluation for Deeper Understanding of Commonsense Stories",
    author = "Mostafazadeh, Nasrin  and
      Chambers, Nathanael  and
      He, Xiaodong  and
      Parikh, Devi  and
      Batra, Dhruv  and
      Vanderwende, Lucy  and
      Kohli, Pushmeet  and
      Allen, James",
    booktitle = naacl,
    month = jun,
    year = "2016",
    url = "https://aclanthology.org/N16-1098",
    pages = "839--849",
}


@article{c4,
    author = {Colin Raffel and Noam Shazeer and Adam Roberts and Katherine Lee and Sharan Narang and Michael Matena and Yanqi Zhou and Wei Li and Peter J. Liu},
    title = {Exploring the Limits of Transfer Learning with a Unified Text-to-Text Transformer},
    journal = {arXiv e-prints},
    year = {2019},
    archivePrefix = {arXiv},
    eprint = {1910.10683},
}
@article{liu2015improved,
  title={Improved Residual Vector Quantization for High-dimensional Approximate Nearest Neighbor Search},
  author={Liu, Shicong and Lu, Hongtao and Shao, Junru},
  journal={arXiv preprint arXiv:1509.05195},
  year={2015}
}

@article{lecun2022path,
  title={A path towards autonomous machine intelligence version 0.9. 2, 2022-06-27},
  author={LeCun, Yann},
  journal={Open Review},
  volume={62},
  number={1},
  pages={1--62},
  year={2022}
}

@article{child2019generating,
  title={Generating long sequences with sparse transformers},
  author={Child, Rewon and Gray, Scott and Radford, Alec and Sutskever, Ilya},
  journal={arXiv preprint arXiv:1904.10509},
  year={2019}
}}

@article{kitaev2020reformer,
  title={Reformer: The efficient transformer},
  author={Kitaev, Nikita and Kaiser, {\L}ukasz and Levskaya, Anselm},
  journal={arXiv preprint arXiv:2001.04451},
  year={2020}
}

@article{lee2024nv,
  title={{NV-Embed}: Improved Techniques for Training {LLMs} as Generalist Embedding Models},
  author={Lee, Chankyu and Roy, Rajarshi and Xu, Mengyao and Raiman, Jonathan and Shoeybi, Mohammad and Catanzaro, Bryan and Ping, Wei},
  journal={arXiv preprint arXiv:2405.17428},
  year={2024}
}

@inproceedings{wang-etal-2024-improving-text,
    title = "Improving Text Embeddings with Large Language Models",
    author = "Wang, Liang  and
      Yang, Nan  and
      Huang, Xiaolong  and
      Yang, Linjun  and
      Majumder, Rangan  and
      Wei, Furu",
    booktitle = acl,
    year = "2024",
    url = "https://aclanthology.org/2024.acl-long.642",
    pages = "11897--11916",
}

@article{an2024sentencevae,
  title={{SentenceVAE}: Enable Next-sentence Prediction for Large Language Models with Faster Speed, Higher Accuracy and Longer Context},
  author={An, Hongjun and Chen, Yifan and Sun, Zhe and Li, Xuelong},
  journal={arXiv preprint arXiv:2408.00655},
  year={2024}
}

@article{ho2022classifier,
  title={Classifier-free diffusion guidance},
  author={Ho, Jonathan and Salimans, Tim},
  journal={arXiv preprint arXiv:2207.12598},
  year={2022}
}

@article{lu2022dpm,
  title={{Dpm-solver}: A fast ode solver for diffusion probabilistic model sampling in around 10 steps},
  author={Lu, Cheng and Zhou, Yuhao and Bao, Fan and Chen, Jianfei and Li, Chongxuan and Zhu, Jun},
  journal={Advances in Neural Information Processing Systems},
  volume={35},
  pages={5775--5787},
  year={2022}
}

@inproceedings{lin2024common,
  title={Common diffusion noise schedules and sample steps are flawed},
  author={Lin, Shanchuan and Liu, Bingchen and Li, Jiashi and Yang, Xiao},
  booktitle={Proceedings of the IEEE/CVF winter conference on applications of computer vision},
  pages={5404--5411},
  year={2024}
}

@inproceedings{golestani2021using,
  title={Using {BERT} encoding and sentence-level language model for sentence ordering},
  author={Golestani, Melika and Razavi, Seyedeh Zahra and Borhanifard, Zeinab and Tahmasebian, Farnaz and Faili, Hesham},
  booktitle={International Conference on Text, Speech, and Dialogue},
  pages={318--330},
  year={2021},
  organization={Springer}
}

@article{cornille2024learning,
  title={Learning to Plan for Language Modeling from Unlabeled Data},
  author={Cornille, Nathan and Moens, Marie-Francine and Mai, Florian},
  journal={arXiv preprint arXiv:2404.00614},
  year={2024}
}

@article{su2024roformer,
  title={Roformer: Enhanced transformer with rotary position embedding},
  author={Su, Jianlin and Ahmed, Murtadha and Lu, Yu and Pan, Shengfeng and Bo, Wen and Liu, Yunfeng},
  journal={Neurocomputing},
  volume={568},
  pages={127063},
  year={2024},
  publisher={Elsevier}
}

@article{zhang2019root,
  title={Root mean square layer normalization},
  author={Zhang, Biao and Sennrich, Rico},
  journal={Advances in Neural Information Processing Systems},
  volume={32},
  year={2019}
}

@article{shazeer2020glu,
  title={Glu variants improve transformer},
  author={Shazeer, Noam},
  journal={arXiv preprint arXiv:2002.05202},
  year={2020}
}

@inproceedings{jwalapuram-etal-2022-rethinking,
    title = "Rethinking Self-Supervision Objectives for Generalizable Coherence Modeling",
    author = "Jwalapuram, Prathyusha  and
      Joty, Shafiq  and
      Lin, Xiang",
    booktitle = acl,
    year = "2022",
    url = "https://aclanthology.org/2022.acl-long.418",
    pages = "6044--6059",
}
@article{zeghidour2021soundstream,
  title={Soundstream: An end-to-end neural audio codec},
  author={Zeghidour, Neil and Luebs, Alejandro and Omran, Ahmed and Skoglund, Jan and Tagliasacchi, Marco},
  journal={IEEE/ACM Transactions on Audio, Speech, and Language Processing},
  volume={30},
  pages={495--507},
  year={2021},
  publisher={IEEE}
}
@inproceedings{lee2022autoregressive,
  title={Autoregressive image generation using residual quantization},
  author={Lee, Doyup and Kim, Chiheon and Kim, Saehoon and Cho, Minsu and Han, Wook-Shin},
  booktitle={Proceedings of the IEEE/CVF Conference on Computer Vision and Pattern Recognition},
  pages={11523--11532},
  year={2022}
}

@article{radford2019language,
  title={Language models are unsupervised multitask learners},
  author={Radford, Alec and Wu, Jeffrey and Child, Rewon and Luan, David and Amodei, Dario and Sutskever, Ilya and others},
  journal={OpenAI blog},
  volume={1},
  number={8},
  pages={9},
  year={2019}
}

@article{bengio2013estimating,
  title={Estimating or propagating gradients through stochastic neurons for conditional computation},
  author={Bengio, Yoshua and L{\'e}onard, Nicholas and Courville, Aaron},
  journal={arXiv preprint arXiv:1308.3432},
  year={2013}
}

@misc{défossez2022highfidelityneuralaudio,
      title={High Fidelity Neural Audio Compression}, 
      author={Alexandre Défossez and Jade Copet and Gabriel Synnaeve and Yossi Adi},
      year={2022},
      eprint={2210.13438},
      archivePrefix={arXiv},
      primaryClass={eess.AS},
      url={https://arxiv.org/abs/2210.13438}, 
}
@article{duquenne2023modular,
  title={Modular speech-to-text translation for zero-shot cross-modal transfer},
  author={Duquenne, Paul-Ambroise and Schwenk, Holger and Sagot, Beno{\^\i}t},
  journal={arXiv preprint arXiv:2310.03724},
  year={2023}
}

@article{ji2024emma,
  title={EMMA-500: Enhancing Massively Multilingual Adaptation of Large Language Models},
  author={Ji, Shaoxiong and Li, Zihao and Paul, Indraneil and Paavola, Jaakko and Lin, Peiqin and Chen, Pinzhen and O'Brien, Dayy{\'a}n and Luo, Hengyu and Sch{\"u}tze, Hinrich and Tiedemann, J{\"o}rg and others},
  journal={arXiv preprint arXiv:2409.17892},
  year={2024}
}

@article{srivastava2024lola,
  title={LOLA--An Open-Source Massively Multilingual Large Language Model},
  author={Srivastava, Nikit and Kuchelev, Denis and Ngoli, Tatiana Moteu and Shetty, Kshitij and R{\"o}der, Michael and Moussallem, Diego and Zahera, Hamada and Ngomo, Axel-Cyrille Ngonga},
  journal={arXiv preprint arXiv:2409.11272},
  year={2024}
}

@article{ustun2024aya,
  title={Aya model: An instruction finetuned open-access multilingual language model},
  author={{\"U}st{\"u}n, Ahmet and Aryabumi, Viraat and Yong, Zheng-Xin and Ko, Wei-Yin and D'souza, Daniel and Onilude, Gbemileke and Bhandari, Neel and Singh, Shivalika and Ooi, Hui-Lee and Kayid, Amr and others},
  journal={arXiv preprint arXiv:2402.07827},
  year={2024}
}

@article{aryabumi2024aya,
  title={Aya 23: Open weight releases to further multilingual progress},
  author={Aryabumi, Viraat and Dang, John and Talupuru, Dwarak and Dash, Saurabh and Cairuz, David and Lin, Hangyu and Venkitesh, Bharat and Smith, Madeline and Marchisio, Kelly and Ruder, Sebastian and others},
  journal={arXiv preprint arXiv:2405.15032},
  year={2024}
}

@article{warstadt-etal-2019-neural,
    title = "Neural Network Acceptability Judgments",
    author = "Warstadt, Alex  and
      Singh, Amanpreet  and
      Bowman, Samuel R.",
    editor = "Lee, Lillian  and
      Johnson, Mark  and
      Roark, Brian  and
      Nenkova, Ani",
    journal = "Transactions of the Association for Computational Linguistics",
    volume = "7",
    year = "2019",
    address = "Cambridge, MA",
    publisher = "MIT Press",
    url = "https://aclanthology.org/Q19-1040",
    doi = "10.1162/tacl_a_00290",
    pages = "625--641",
    abstract = "This paper investigates the ability of artificial neural networks to judge the grammatical acceptability of a sentence, with the goal of testing their linguistic competence. We introduce the Corpus of Linguistic Acceptability (CoLA), a set of 10,657 English sentences labeled as grammatical or ungrammatical from published linguistics literature. As baselines, we train several recurrent neural network models on acceptability classification, and find that our models outperform unsupervised models by Lau et al. (2016) on CoLA. Error-analysis on specific grammatical phenomena reveals that both Lau et al.{'}s models and ours learn systematic generalizations like subject-verb-object order. However, all models we test perform far below human level on a wide range of grammatical constructions.",
}

@article{parola2023speech,
  title={Speech disturbances in schizophrenia: Assessing cross-linguistic generalizability of NLP automated measures of coherence},
  author={Parola, Alberto and Lin, Jessica Mary and Simonsen, Arndis and Bliksted, Vibeke and Zhou, Yuan and Wang, Huiling and Inoue, Lana and Koelkebeck, Katja and Fusaroli, Riccardo},
  journal={Schizophrenia Research},
  volume={259},
  pages={59--70},
  year={2023},
  publisher={Elsevier}
}


@article{chung2024scaling,
  title={Scaling instruction-finetuned language models},
  author={Chung, Hyung Won and Hou, Le and Longpre, Shayne and Zoph, Barret and Tay, Yi and Fedus, William and Li, Yunxuan and Wang, Xuezhi and Dehghani, Mostafa and Brahma, Siddhartha and others},
  journal={Journal of Machine Learning Research},
  volume={25},
  number={70},
  pages={1--53},
  year={2024}
}

@inproceedings{hasan-etal-2021-xl,
    title = "{XL}-Sum: Large-Scale Multilingual Abstractive Summarization for 44 Languages",
    author = "Hasan, Tahmid  and
      Bhattacharjee, Abhik  and
      Islam, Md. Saiful  and
      Mubasshir, Kazi  and
      Li, Yuan-Fang  and
      Kang, Yong-Bin  and
      Rahman, M. Sohel  and
      Shahriyar, Rifat",
    booktitle = "Findings of the Association for Computational Linguistics: ACL-IJCNLP 2021",
    month = aug,
    year = "2021",
    address = "Online",
    publisher = "Association for Computational Linguistics",
    url = "https://aclanthology.org/2021.findings-acl.413",
    pages = "4693--4703",
}

@article{kreuk2022audiogen,
  title={Audiogen: Textually guided audio generation},
  author={Kreuk, Felix and Synnaeve, Gabriel and Polyak, Adam and Singer, Uriel and D{\'e}fossez, Alexandre and Copet, Jade and Parikh, Devi and Taigman, Yaniv and Adi, Yossi},
  journal={arXiv preprint arXiv:2209.15352},
  year={2022}
}

@inproceedings{gafni2022make,
  title={Make-a-scene: Scene-based text-to-image generation with human priors},
  author={Gafni, Oran and Polyak, Adam and Ashual, Oron and Sheynin, Shelly and Parikh, Devi and Taigman, Yaniv},
  booktitle={European Conference on Computer Vision},
  pages={89--106},
  year={2022},
  organization={Springer}
}

@inproceedings{aghajanyan2023scaling,
  title={Scaling laws for generative mixed-modal language models},
  author={Aghajanyan, Armen and Yu, Lili and Conneau, Alexis and Hsu, Wei-Ning and Hambardzumyan, Karen and Zhang, Susan and Roller, Stephen and Goyal, Naman and Levy, Omer and Zettlemoyer, Luke},
  booktitle={International Conference on Machine Learning},
  pages={265--279},
  year={2023},
  organization={PMLR}
}

@article{douze2024faiss,
      title={The {Faiss} library},
      author={Matthijs Douze and Alexandr Guzhva and Chengqi Deng and Jeff Johnson and Gergely Szilvasy and Pierre-Emmanuel Mazaré and Maria Lomeli and Lucas Hosseini and Hervé Jégou},
      year={2024},
      journal =       {ArXiv},
      volume={abs/2401.08281},
      url = {https://arxiv.org/pdf/2401.08281},
}

@misc{balioglu2023fairseq2,
  author = {Can Balioglu},
  title = {fairseq2},
  url = {http://github.com/facebookresearch/fairseq2},
  year = {2023},
}