@article{chen2024vlm_select,
 author = {Chen, Ruibo and Wu, Yihan and Chen, Lichang and Liu, Guodong and He, Qi and Xiong, Tianyi and Liu, Chenxi and Guo, Junfeng and Huang, Heng},
 journal = {ArXiv preprint},
 title = {Your Vision-Language Model Itself Is a Strong Filter: Towards High-Quality Instruction Tuning with Data Selection},
 volume = {abs/2402.12501},
 year = {2024}
}

@article{zhang2024mathverse,
 author = {Zhang, Renrui and Jiang, Dongzhi and Zhang, Yichi and Lin, Haokun and Guo, Ziyu and Qiu, Pengshuo and Zhou, Aojun and Lu, Pan and Chang, Kai-Wei and Gao, Peng and others},
 journal = {ArXiv preprint},
 title = {MathVerse: Does Your Multi-modal LLM Truly See the Diagrams in Visual Math Problems?},
 volume = {abs/2403.14624},
 year = {2024}
}

@misc{reka2024core,
 author = {Team~Reka},
 title = {Reka {C}ore, {F}lash, and {E}dge: A Series of Powerful Multimodal Language Models},
 year = {2024}
}

@inproceedings{li-etal-2021-dynamic,
 author = {Li, Lei  and
Lin, Yankai  and
Ren, Shuhuai  and
Li, Peng  and
Zhou, Jie  and
Sun, Xu},
 booktitle = {Proceedings of the 2021 Conference on Empirical Methods in Natural Language Processing},
 doi = {10.18653/v1/2021.emnlp-main.31},
 pages = {379--389},
 title = {Dynamic Knowledge Distillation for Pre-trained Language Models},
 year = {2021}
}

@article{team2023gemini,
 author = {{Gemini Team}},
 journal = {ArXiv preprint},
 title = {Gemini: a family of highly capable multimodal models},
 volume = {abs/2312.11805},
 year = {2023}
}
@article{zhang2024mm,
  title={Mm-llms: Recent advances in multimodal large language models},
  author={Zhang, Duzhen and Yu, Yahan and Li, Chenxing and Dong, Jiahua and Su, Dan and Chu, Chenhui and Yu, Dong},
  journal={arXiv preprint arXiv:2401.13601},
  year={2024}
}
@article{reid2024gemini,
 author = {Reid, Machel and Savinov, Nikolay and Teplyashin, Denis and Lepikhin, Dmitry and Lillicrap, Timothy and Alayrac, Jean-baptiste and Soricut, Radu and Lazaridou, Angeliki and Firat, Orhan and Schrittwieser, Julian and others},
 journal = {ArXiv preprint},
 title = {Gemini 1.5: Unlocking multimodal understanding across millions of tokens of context},
 volume = {abs/2403.05530},
 year = {2024}
}

@article{ma2024paramtuning,
 author = {Ma, Xinyu and Chu, Xu and Yang, Zhibang and Lin, Yang and Gao, Xin and Zhao, Junfeng},
 journal = {ArXiv preprint},
 title = {Parameter Efficient Quasi-Orthogonal Fine-Tuning via Givens Rotation},
 volume = {abs/2404.04316},
 year = {2024}
}

@article{scao2022bloom,
 author = {Scao, Teven Le and Fan, Angela and Akiki, Christopher and Pavlick, Ellie and Ili{\'c}, Suzana and Hesslow, Daniel and Castagn{\'e}, Roman and Luccioni, Alexandra Sasha and Yvon, Fran{\c{c}}ois and Gall{\'e}, Matthias and others},
 journal = {ArXiv preprint},
 title = {Bloom: A 176b-parameter open-access multilingual language model},
 volume = {abs/2211.05100},
 year = {2022}
}

@misc{gao2023gllava,
 archiveprefix = {arXiv},
 author = {Jiahui Gao and Renjie Pi and Jipeng Zhang and Jiacheng Ye and Wanjun Zhong and Yufei Wang and Lanqing Hong and Jianhua Han and Hang Xu and Zhenguo Li and Lingpeng Kong},
 eprint = {2312.11370},
 primaryclass = {cs.CL},
 title = {G-LLaVA: Solving Geometric Problem with Multi-Modal Large Language Model},
 year = {2023}
}

@article{mmmu,
 author = {Xiang Yue and Yuansheng Ni and Kai Zhang and Tianyu Zheng and Ruoqi Liu and Ge Zhang and Samuel Stevens and Dongfu Jiang and Weiming Ren and Yuxuan Sun and Cong Wei and Botao Yu and Ruibin Yuan and Renliang Sun and Ming Yin and Boyuan Zheng and Zhenzhu Yang and Yibo Liu and Wenhao Huang and Huan Sun and Yu Su and Wenhu Chen},
 journal = {ArXiv preprint},
 title = {MMMU: A Massive Multi-discipline Multimodal Understanding and Reasoning Benchmark for Expert AGI},
 volume = {abs/2311.16502},
 year = {2023}
}

@inproceedings{yu2024mmvet,
 author = {Yu, Weihao and Yang, Zhengyuan and Li, Linjie and Wang, Jianfeng and Lin, Kevin and Liu, Zicheng and Wang, Xinchao and Wang, Lijuan},
 booktitle = {International conference on machine learning},
 organization = {PMLR},
 title = {Mm-vet: Evaluating large multimodal models for integrated capabilities},
 year = {2024}
}

@article{mathvista,
 author = {Lu, Pan and Bansal, Hritik and Xia, Tony and Liu, Jiacheng and Li, Chunyuan and Hajishirzi, Hannaneh and Cheng, Hao and Chang, Kai-Wei and Galley, Michel and Gao, Jianfeng},
 journal = {ArXiv preprint},
 title = {MathVista: Evaluating Math Reasoning in Visual Contexts with GPT-4V, Bard, and Other Large Multimodal Models},
 volume = {abs/2310.02255},
 year = {2023}
}

@inproceedings{bertscore,
 author = {Tianyi Zhang and
Varsha Kishore and
Felix Wu and
Kilian Q. Weinberger and
Yoav Artzi},
 bibsource = {dblp computer science bibliography, https://dblp.org},
 booktitle = {8th International Conference on Learning Representations, {ICLR} 2020,
Addis Ababa, Ethiopia, April 26-30, 2020},
 timestamp = {Wed, 03 Jun 2020 01:00:00 +0200},
 title = {BERTScore: Evaluating Text Generation with {BERT}},
 year = {2020}
}

@article{liu2023lrv,
 author = {Liu, Fuxiao and Lin, Kevin and Li, Linjie and Wang, Jianfeng and Yacoob, Yaser and Wang, Lijuan},
 journal = {ArXiv preprint},
 title = {Aligning Large Multi-Modal Model with Robust Instruction Tuning},
 volume = {abs/2306.14565},
 year = {2023}
}

@misc{zhang2023llavar,
 archiveprefix = {arXiv},
 author = {Yanzhe Zhang and Ruiyi Zhang and Jiuxiang Gu and Yufan Zhou and Nedim Lipka and Diyi Yang and Tong Sun},
 eprint = {2306.17107},
 primaryclass = {cs.CV},
 title = {LLaVAR: Enhanced Visual Instruction Tuning for Text-Rich Image Understanding},
 year = {2023}
}

@misc{liu2023llava15,
 author = {Liu, Haotian and Li, Chunyuan and Li, Yuheng and Lee, Yong Jae},
 journal = {ArXiv preprint},
 title = {Improved Baselines with Visual Instruction Tuning},
 volume = {abs/2310.03744},
 year = {2023}
}

@article{fu2023mme,
 author = {Fu, Chaoyou and Chen, Peixian and Shen, Yunhang and Qin, Yulei and Zhang, Mengdan and Lin, Xu and Qiu, Zhenyu and Lin, Wei and Yang, Jinrui and Zheng, Xiawu and others},
 journal = {ArXiv preprint},
 title = {MME: A Comprehensive Evaluation Benchmark for Multimodal Large Language Models},
 volume = {abs/2306.13394},
 year = {2023}
}

@article{yang2023dawn,
 author = {Yang, Zhengyuan and Li, Linjie and Lin, Kevin and Wang, Jianfeng and Lin, Chung-Ching and Liu, Zicheng and Wang, Lijuan},
 journal = {ArXiv preprint},
 title = {The dawn of lmms: Preliminary explorations with gpt-4v (ision)},
 volume = {abs/2309.17421},
 year = {2023}
}

@article{zhu2023multilingual,
 author = {Zhu, Wenhao and Liu, Hongyi and Dong, Qingxiu and Xu, Jingjing and Kong, Lingpeng and Chen, Jiajun and Li, Lei and Huang, Shujian},
 journal = {ArXiv preprint},
 title = {Multilingual machine translation with large language models: Empirical results and analysis},
 volume = {abs/2304.04675},
 year = {2023}
}

@article{chen2023visual,
 author = {Chen, Delong and Liu, Jianfeng and Dai, Wenliang and Wang, Baoyuan},
 journal = {ArXiv preprint},
 title = {Visual Instruction Tuning with Polite Flamingo},
 volume = {abs/2307.01003},
 year = {2023}
}

@inproceedings{thapliyal2022crossmodal,
 author = {Thapliyal, Ashish V.  and
Pont Tuset, Jordi  and
Chen, Xi  and
Soricut, Radu},
 booktitle = {Proceedings of the 2022 Conference on Empirical Methods in Natural Language Processing},
 pages = {715--729},
 title = {Crossmodal-3600: A Massively Multilingual Multimodal Evaluation Dataset},
 year = {2022}
}

@inproceedings{reimers-gurevych-2020-making,
 author = {Reimers, Nils  and
Gurevych, Iryna},
 booktitle = {Proceedings of the 2020 Conference on Empirical Methods in Natural Language Processing (EMNLP)},
 doi = {10.18653/v1/2020.emnlp-main.365},
 pages = {4512--4525},
 title = {Making Monolingual Sentence Embeddings Multilingual using Knowledge Distillation},
 year = {2020}
}

@inproceedings{fm-iqa,
 author = {Haoyuan Gao and
Junhua Mao and
Jie Zhou and
Zhiheng Huang and
Lei Wang and
Wei Xu},
 bibsource = {dblp computer science bibliography, https://dblp.org},
 booktitle = {Advances in Neural Information Processing Systems 28: Annual Conference
on Neural Information Processing Systems 2015, December 7-12, 2015,
Montreal, Quebec, Canada},
 editor = {Corinna Cortes and
Neil D. Lawrence and
Daniel D. Lee and
Masashi Sugiyama and
Roman Garnett},
 pages = {2296--2304},
 timestamp = {Thu, 21 Jan 2021 00:00:00 +0100},
 title = {Are You Talking to a Machine? Dataset and Methods for Multilingual
Image Question},
 year = {2015}
}

@article{DBLP:journals/tacl/GoyalGCCWJKRGF22,
 author = {Goyal, Naman  and
Gao, Cynthia  and
Chaudhary, Vishrav  and
Chen, Peng-Jen  and
Wenzek, Guillaume  and
Ju, Da  and
Krishnan, Sanjana  and
Ranzato, Marc{'}Aurelio  and
Guzm{\'a}n, Francisco  and
Fan, Angela},
 doi = {10.1162/tacl_a_00474},
 journal = {Transactions of the Association for Computational Linguistics},
 pages = {522--538},
 title = {The {F}lores-101 Evaluation Benchmark for Low-Resource and Multilingual Machine Translation},
 volume = {10},
 year = {2022}
}

@article{shtedritski2023does,
 author = {Shtedritski, Aleksandar and Rupprecht, Christian and Vedaldi, Andrea},
 journal = {ArXiv preprint},
 title = {What does CLIP know about a red circle? Visual prompt engineering for VLMs},
 volume = {abs/2304.06712},
 year = {2023}
}

@inproceedings{radford2021clip,
 author = {Alec Radford and
Jong Wook Kim and
Chris Hallacy and
Aditya Ramesh and
Gabriel Goh and
Sandhini Agarwal and
Girish Sastry and
Amanda Askell and
Pamela Mishkin and
Jack Clark and
Gretchen Krueger and
Ilya Sutskever},
 bibsource = {dblp computer science bibliography, https://dblp.org},
 booktitle = {Proceedings of the 38th International Conference on Machine Learning,
{ICML} 2021, 18-24 July 2021, Virtual Event},
 editor = {Marina Meila and
Tong Zhang},
 pages = {8748--8763},
 series = {Proceedings of Machine Learning Research},
 timestamp = {Wed, 25 Aug 2021 01:00:00 +0200},
 title = {Learning Transferable Visual Models From Natural Language Supervision},
 volume = {139},
 year = {2021}
}

@inproceedings{gpt3,
 author = {Tom B. Brown and
Benjamin Mann and
Nick Ryder and
Melanie Subbiah and
Jared Kaplan and
Prafulla Dhariwal and
Arvind Neelakantan and
Pranav Shyam and
Girish Sastry and
Amanda Askell and
Sandhini Agarwal and
Ariel Herbert{-}Voss and
Gretchen Krueger and
Tom Henighan and
Rewon Child and
Aditya Ramesh and
Daniel M. Ziegler and
Jeffrey Wu and
Clemens Winter and
Christopher Hesse and
Mark Chen and
Eric Sigler and
Mateusz Litwin and
Scott Gray and
Benjamin Chess and
Jack Clark and
Christopher Berner and
Sam McCandlish and
Alec Radford and
Ilya Sutskever and
Dario Amodei},
 bibsource = {dblp computer science bibliography, https://dblp.org},
 booktitle = {Advances in Neural Information Processing Systems 33: Annual Conference
on Neural Information Processing Systems 2020, NeurIPS 2020, December
6-12, 2020, virtual},
 editor = {Hugo Larochelle and
Marc'Aurelio Ranzato and
Raia Hadsell and
Maria{-}Florina Balcan and
Hsuan{-}Tien Lin},
 timestamp = {Tue, 19 Jan 2021 00:00:00 +0100},
 title = {Language Models are Few-Shot Learners},
 year = {2020}
}

@article{longpre2023flan,
 author = {Longpre, Shayne and Hou, Le and Vu, Tu and Webson, Albert and Chung, Hyung Won and Tay, Yi and Zhou, Denny and Le, Quoc V and Zoph, Barret and Wei, Jason and others},
 journal = {ArXiv preprint},
 title = {The flan collection: Designing data and methods for effective instruction tuning},
 volume = {abs/2301.13688},
 year = {2023}
}

@article{yao2022mocheg,
 author = {Yao, Barry Menglong and Shah, Aditya and Sun, Lichao and Cho, Jin-Hee and Huang, Lifu},
 journal = {ArXiv preprint},
 title = {End-to-End Multimodal Fact-Checking and Explanation Generation: A Challenging Dataset and Models},
 volume = {abs/2205.12487},
 year = {2022}
}

@inproceedings{mishra2022naturalinstruction,
 author = {Mishra, Swaroop  and
Khashabi, Daniel  and
Baral, Chitta  and
Hajishirzi, Hannaneh},
 booktitle = {Proceedings of the 60th Annual Meeting of the Association for Computational Linguistics (Volume 1: Long Papers)},
 doi = {10.18653/v1/2022.acl-long.244},
 pages = {3470--3487},
 title = {Cross-Task Generalization via Natural Language Crowdsourcing Instructions},
 year = {2022}
}

@article{gilardi2023chatgpt,
 author = {Gilardi, Fabrizio and Alizadeh, Meysam and Kubli, Ma{\"e}l},
 journal = {ArXiv preprint},
 title = {Chatgpt outperforms crowd-workers for text-annotation tasks},
 volume = {abs/2303.15056},
 year = {2023}
}

@article{chatgpt,
 author = {OpenAI},
 title = {Introducing ChatGPT},
 year = {2022}
}

@article{touvron2023llama2,
 author = {Touvron, Hugo and Martin, Louis and Stone, Kevin and Albert, Peter and Almahairi, Amjad and Babaei, Yasmine and Bashlykov, Nikolay and Batra, Soumya and Bhargava, Prajjwal and Bhosale, Shruti and others},
 journal = {ArXiv preprint},
 title = {Llama 2: Open foundation and fine-tuned chat models},
 volume = {abs/2307.09288},
 year = {2023}
}

@article{gpt4v,
 author = {OpenAI},
 title = {GPT-4V(ision) System Card},
 year = {2023}
}

@misc{bard,
 author = {Google},
 title = {Bard},
 year = {2023}
}

@article{costa2022nllb,
 author = {Costa-juss{\`a}, Marta R and Cross, James and {\c{C}}elebi, Onur and Elbayad, Maha and Heafield, Kenneth and Heffernan, Kevin and Kalbassi, Elahe and Lam, Janice and Licht, Daniel and Maillard, Jean and others},
 journal = {ArXiv preprint},
 title = {No language left behind: Scaling human-centered machine translation},
 volume = {abs/2207.04672},
 year = {2022}
}

@inproceedings{lin-2004-rouge,
 author = {Lin, Chin-Yew},
 booktitle = {Text Summarization Branches Out},
 pages = {74--81},
 title = {{ROUGE}: A Package for Automatic Evaluation of Summaries},
 year = {2004}
}

@article{zhao2023svit,
 author = {Zhao, Bo and Wu, Boya and He, Muyang and Huang, Tiejun},
 journal = {ArXiv preprint},
 title = {SVIT: Scaling up Visual Instruction Tuning},
 volume = {abs/2307.04087},
 year = {2023}
}

@article{med-llava,
 author = {Li, Chunyuan and Wong, Cliff and Zhang, Sheng and Usuyama, Naoto and Liu, Haotian and Yang, Jianwei and Naumann, Tristan and Poon, Hoifung and Gao, Jianfeng},
 journal = {ArXiv preprint},
 title = {Llava-med: Training a large language-and-vision assistant for biomedicine in one day},
 volume = {abs/2306.00890},
 year = {2023}
}

@misc{llavar,
 archiveprefix = {arXiv},
 author = {Yanzhe Zhang and Ruiyi Zhang and Jiuxiang Gu and Yufan Zhou and Nedim Lipka and Diyi Yang and Tong Sun},
 eprint = {2306.17107},
 primaryclass = {cs.CV},
 title = {LLaVAR: Enhanced Visual Instruction Tuning for Text-Rich Image Understanding},
 year = {2023}
}

@article{sharegpt4v,
 author = {Chen, Lin and Li, Jisong and Dong, Xiaoyi and Zhang, Pan and He, Conghui and Wang, Jiaqi and Zhao, Feng and Lin, Dahua},
 journal = {ArXiv preprint},
 title = {Sharegpt4v: Improving large multi-modal models with better captions},
 volume = {abs/2311.12793},
 year = {2023}
}

@article{capsfusion,
 author = {Yu, Qiying and Sun, Quan and Zhang, Xiaosong and Cui, Yufeng and Zhang, Fan and Wang, Xinlong and Liu, Jingjing},
 journal = {ArXiv preprint},
 title = {Capsfusion: Rethinking image-text data at scale},
 volume = {abs/2310.20550},
 year = {2023}
}

@inproceedings{multiinstruct,
 author = {Zhiyang Xu and Ying Shen and Lifu Huang},
 bibsource = {dblp computer science bibliography, https://dblp.org},
 booktitle = {Proceedings of the 61st Annual Meeting of the Association for Computational Linguistics (Volume 1: Long Papers), {ACL} 2023, Toronto, Canada, July 9-14, 2023},
 doi = {10.18653/v1/2023.acl-long.641},
 editor = {Anna Rogers and Jordan L. Boyd{-}Graber and Naoaki Okazaki},
 pages = {11445--11465},
 timestamp = {Thu, 10 Aug 2023 12:35:59 +0200},
 title = {MultiInstruct: Improving Multi-Modal Zero-Shot Learning via Instruction Tuning},
 year = {2023}
}

@article{dpo,
 author = {Rafailov, Rafael and Sharma, Archit and Mitchell, Eric and Ermon, Stefano and Manning, Christopher D and Finn, Chelsea},
 journal = {ArXiv preprint},
 title = {Direct preference optimization: Your language model is secretly a reward model},
 volume = {abs/2305.18290},
 year = {2023}
}

@article{2023vlfeedback,
 author = {Lei Li and Zhihui Xie and Mukai Li and Shunian Chen and Peiyi Wang and Liang Chen and  Yazheng Yang and  Benyou Wang and  Lingpeng Kong},
 journal = {ArXiv preprint},
 title = {Silkie: Preference Distillation for Large Visual Language Models},
 volume = {abs/2312.10665},
 year = {2023}
}

@misc{fuyu-8b,
 author = {Bavishi, Rohan and Elsen, Erich and Hawthorne, Curtis and Nye, Maxwell and Odena, Augustus and Somani, Arushi and  Ta\c{s}\i{}rlar, Sa\u{g}nak},
 title = {Introducing our Multimodal Models},
 year = {2023}
}

@inproceedings{goyal2017something,
 author = {Raghav Goyal and
Samira Ebrahimi Kahou and
Vincent Michalski and
Joanna Materzynska and
Susanne Westphal and
Heuna Kim and
Valentin Haenel and
Ingo Fr{\"{u}}nd and
Peter Yianilos and
Moritz Mueller{-}Freitag and
Florian Hoppe and
Christian Thurau and
Ingo Bax and
Roland Memisevic},
 bibsource = {dblp computer science bibliography, https://dblp.org},
 booktitle = {{IEEE} International Conference on Computer Vision, {ICCV} 2017, Venice,
Italy, October 22-29, 2017},
 doi = {10.1109/ICCV.2017.622},
 pages = {5843--5851},
 timestamp = {Thu, 11 Jan 2018 00:00:00 +0100},
 title = {The "Something Something" Video Database for Learning and Evaluating
Visual Common Sense},
 year = {2017}
}

@inproceedings{yu2019activitynet,
 author = {Zhou Yu and
Dejing Xu and
Jun Yu and
Ting Yu and
Zhou Zhao and
Yueting Zhuang and
Dacheng Tao},
 bibsource = {dblp computer science bibliography, https://dblp.org},
 booktitle = {The Thirty-Third {AAAI} Conference on Artificial Intelligence, {AAAI}
2019, The Thirty-First Innovative Applications of Artificial Intelligence
Conference, {IAAI} 2019, The Ninth {AAAI} Symposium on Educational
Advances in Artificial Intelligence, {EAAI} 2019, Honolulu, Hawaii,
USA, January 27 - February 1, 2019},
 doi = {10.1609/aaai.v33i01.33019127},
 pages = {9127--9134},
 timestamp = {Tue, 02 Feb 2021 00:00:00 +0100},
 title = {ActivityNet-QA: {A} Dataset for Understanding Complex Web Videos via
Question Answering},
 year = {2019}
}

@inproceedings{yang2021iVQA,
 author = {Antoine Yang and
Antoine Miech and
Josef Sivic and
Ivan Laptev and
Cordelia Schmid},
 bibsource = {dblp computer science bibliography, https://dblp.org},
 booktitle = {2021 {IEEE/CVF} International Conference on Computer Vision, {ICCV}
2021, Montreal, QC, Canada, October 10-17, 2021},
 doi = {10.1109/ICCV48922.2021.00171},
 pages = {1666--1677},
 timestamp = {Fri, 11 Mar 2022 00:00:00 +0100},
 title = {Just Ask: Learning to Answer Questions from Millions of Narrated Videos},
 year = {2021}
}

@inproceedings{flickr8kcn,
 author = {Li, Xirong and Lan, Weiyu and Dong, Jianfeng and Liu, Hailong},
 booktitle = {Proceedings of the 2016 ACM on international conference on multimedia retrieval},
 pages = {271--275},
 title = {Adding chinese captions to images},
 year = {2016}
}

@article{li2019cococn,
 author = {Li, Xirong and Xu, Chaoxi and Wang, Xiaoxu and Lan, Weiyu and Jia, Zhengxiong and Yang, Gang and Xu, Jieping},
 journal = {IEEE Transactions on Multimedia},
 number = {9},
 pages = {2347--2360},
 title = {COCO-CN for cross-lingual image tagging, captioning, and retrieval},
 volume = {21},
 year = {2019}
}

@inproceedings{hu2021lora,
 author = {Edward J. Hu and
Yelong Shen and
Phillip Wallis and
Zeyuan Allen{-}Zhu and
Yuanzhi Li and
Shean Wang and
Lu Wang and
Weizhu Chen},
 bibsource = {dblp computer science bibliography, https://dblp.org},
 booktitle = {The Tenth International Conference on Learning Representations, {ICLR}
2022, Virtual Event, April 25-29, 2022},
 timestamp = {Sat, 20 Aug 2022 01:00:00 +0200},
 title = {LoRA: Low-Rank Adaptation of Large Language Models},
 year = {2022}
}

@article{goyal2022flores,
 author = {Goyal, Naman  and
Gao, Cynthia  and
Chaudhary, Vishrav  and
Chen, Peng-Jen  and
Wenzek, Guillaume  and
Ju, Da  and
Krishnan, Sanjana  and
Ranzato, Marc{'}Aurelio  and
Guzm{\'a}n, Francisco  and
Fan, Angela},
 doi = {10.1162/tacl_a_00474},
 journal = {Transactions of the Association for Computational Linguistics},
 pages = {522--538},
 title = {The {F}lores-101 Evaluation Benchmark for Low-Resource and Multilingual Machine Translation},
 volume = {10},
 year = {2022}
}

@inproceedings{loshchilov2018decoupled,
 author = {Ilya Loshchilov and
Frank Hutter},
 bibsource = {dblp computer science bibliography, https://dblp.org},
 booktitle = {7th International Conference on Learning Representations, {ICLR} 2019,
New Orleans, LA, USA, May 6-9, 2019},
 timestamp = {Thu, 25 Jul 2019 01:00:00 +0200},
 title = {Decoupled Weight Decay Regularization},
 year = {2019}
}

@article{it-with-gpt4,
 author = {Baolin Peng and Chunyuan Li and Pengcheng He and Michel Galley and Jianfeng Gao},
 journal = {ArXiv preprint},
 title = {Instruction Tuning with GPT-4},
 volume = {abs/2304.03277},
 year = {2023}
}

@article{laion400m,
 author = {Christoph Schuhmann and Richard Vencu and Romain Beaumont and Robert Kaczmarczyk and Clayton Mullis and Aarush Katta and Theo Coombes and Jenia Jitsev and Aran Komatsuzaki},
 journal = {ArXiv preprint},
 title = {LAION-400M: Open Dataset of CLIP-Filtered 400 Million Image-Text Pairs},
 volume = {abs/2111.02114},
 year = {2021}
}

@misc{alpaca,
 author = {Rohan Taori and Ishaan Gulrajani and Tianyi Zhang and Yann Dubois and Xuechen Li and Carlos Guestrin and Percy Liang and Tatsunori B. Hashimoto },
 howpublished = {\url{https://github.com/tatsu-lab/stanford_alpaca}},
 journal = {GitHub repository},
 title = {Stanford Alpaca: An Instruction-following LLaMA model},
 year = {2023}
}

@misc{laurencon2023obelics,
 archiveprefix = {arXiv},
 author = {Hugo Laurençon and Lucile Saulnier and Léo Tronchon and Stas Bekman and Amanpreet Singh and Anton Lozhkov and Thomas Wang and Siddharth Karamcheti and Alexander M. Rush and Douwe Kiela and Matthieu Cord and Victor Sanh},
 eprint = {2306.16527},
 primaryclass = {cs.IR},
 title = {OBELICS: An Open Web-Scale Filtered Dataset of Interleaved Image-Text Documents},
 year = {2023}
}

@article{anil2023palm2,
 author = {Anil, Rohan and Dai, Andrew M and Firat, Orhan and Johnson, Melvin and Lepikhin, Dmitry and Passos, Alexandre and Shakeri, Siamak and Taropa, Emanuel and Bailey, Paige and Chen, Zhifeng and others},
 journal = {ArXiv preprint},
 title = {Palm 2 technical report},
 volume = {abs/2305.10403},
 year = {2023}
}

@article{chowdhery2022palm,
 author = {Chowdhery, Aakanksha and Narang, Sharan and Devlin, Jacob and Bosma, Maarten and Mishra, Gaurav and Roberts, Adam and Barham, Paul and Chung, Hyung Won and Sutton, Charles and Gehrmann, Sebastian and others},
 journal = {ArXiv preprint},
 title = {Palm: Scaling language modeling with pathways},
 volume = {abs/2204.02311},
 year = {2022}
}

@article{fengshenbang,
 author = {Jiaxing Zhang and Ruyi Gan and Junjie Wang and Yuxiang Zhang and Lin Zhang and Ping Yang and Xinyu Gao and Ziwei Wu and Xiaoqun Dong and Junqing He and Jianheng Zhuo and Qi Yang and Yongfeng Huang and Xiayu Li and Yanghan Wu and Junyu Lu and Xinyu Zhu and Weifeng Chen and Ting Han and Kunhao Pan and Rui Wang and Hao Wang and Xiaojun Wu and Zhongshen Zeng and Chongpei Chen},
 journal = {ArXiv preprint},
 title = {Fengshenbang 1.0: Being the Foundation of Chinese Cognitive Intelligence},
 volume = {abs/2209.02970},
 year = {2022}
}

@inproceedings{driess2023palme,
 author = {Driess, Danny and Xia, Fei and Sajjadi, Mehdi S. M. and Lynch, Corey and Chowdhery, Aakanksha and Ichter, Brian and Wahid, Ayzaan and Tompson, Jonathan and Vuong, Quan and Yu, Tianhe and Huang, Wenlong and Chebotar, Yevgen and Sermanet, Pierre and Duckworth, Daniel and Levine, Sergey and Vanhoucke, Vincent and Hausman, Karol and Toussaint, Marc and Greff, Klaus and Zeng, Andy and Mordatch, Igor and Florence, Pete},
 journal = {ArXiv preprint},
 title = {PaLM-E: An Embodied Multimodal Language Model},
 volume = {abs/2303.03378},
 year = {2023}
}

@article{Chen2023PaLIX,
 author = {Xi Chen and Josip Djolonga and Piotr Padlewski and Basil Mustafa and Soravit Changpinyo and Jialin Wu and Carlos Riquelme Ruiz and Sebastian Goodman and Xiao Wang and Yi Tay and Siamak Shakeri and Mostafa Dehghani and Daniel M. Salz and Mario Lucic and Michael Tschannen and Arsha Nagrani and Hexiang Hu and Mandar Joshi and Bo Pang and Ceslee Montgomery and Paulina Pietrzyk and Marvin Ritter and A. J. Piergiovanni and Matthias Minderer and Filip Pavetic and Austin Waters and Gang Li and Ibrahim M. Alabdulmohsin and Lucas Beyer and Julien Amelot and Kenton Lee and Andreas Steiner and Yang Li and Daniel Keysers and Anurag Arnab and Yuanzhong Xu and Keran Rong and Alexander Kolesnikov and Mojtaba Seyedhosseini and Anelia Angelova and Xiaohua Zhai and Neil Houlsby and Radu Soricut},
 journal = {ArXiv preprint},
 title = {PaLI-X: On Scaling up a Multilingual Vision and Language Model},
 volume = {abs/2305.18565},
 year = {2023}
}

@misc{ye2023mplugowl,
 archiveprefix = {arXiv},
 author = {Qinghao Ye and Haiyang Xu and Guohai Xu and Jiabo Ye and Ming Yan and Yiyang Zhou and Junyang Wang and Anwen Hu and Pengcheng Shi and Yaya Shi and Chaoya Jiang and Chenliang Li and Yuanhong Xu and Hehong Chen and Junfeng Tian and Qian Qi and Ji Zhang and Fei Huang},
 eprint = {2304.14178},
 primaryclass = {cs.CL},
 title = {mPLUG-Owl: Modularization Empowers Large Language Models with Multimodality},
 year = {2023}
}

@article{Qwen-VL,
 author = {Bai, Jinze and Bai, Shuai and Yang, Shusheng and Wang, Shijie and Tan, Sinan and Wang, Peng and Lin, Junyang and Zhou, Chang and Zhou, Jingren},
 journal = {ArXiv preprint},
 title = {Qwen-VL: A Frontier Large Vision-Language Model with Versatile Abilities},
 volume = {abs/2308.12966},
 year = {2023}
}

@article{dai2023instructblip,
 author = {Dai, Wenliang and Li, Junnan and Li, Dongxu and Tiong, Anthony Meng Huat and Zhao, Junqi and Wang, Weisheng and Li, Boyang and Fung, Pascale and Hoi, Steven},
 journal = {ArXiv preprint},
 title = {InstructBLIP: Towards General-purpose Vision-Language Models with Instruction Tuning},
 volume = {abs/2305.06500},
 year = {2023}
}

@article{touvron2023llama,
 author = {Touvron, Hugo and Lavril, Thibaut and Izacard, Gautier and Martinet, Xavier and Lachaux, Marie-Anne and Lacroix, Timoth{\'e}e and Rozi{\`e}re, Baptiste and Goyal, Naman and Hambro, Eric and Azhar, Faisal and others},
 journal = {ArXiv preprint},
 title = {Llama: Open and efficient foundation language models},
 volume = {abs/2302.13971},
 year = {2023}
}

@misc{openai2023gpt4,
 archiveprefix = {arXiv},
 author = {OpenAI},
 eprint = {2303.08774},
 primaryclass = {cs.CL},
 title = {GPT-4 Technical Report},
 year = {2023}
}

@inproceedings{lu2022scienceqa,
 author = {Lu, Pan and Mishra, Swaroop and Xia, Tony and Qiu, Liang and Chang, Kai-Wei and Zhu, Song-Chun and Tafjord, Oyvind and Clark, Peter and Ashwin Kalyan},
 booktitle = {The 36th Conference on Neural Information Processing Systems (NeurIPS)},
 title = {Learn to Explain: Multimodal Reasoning via Thought Chains for Science Question Answering},
 year = {2022}
}

@inproceedings{johnson2017clevr,
 author = {Justin Johnson and
Bharath Hariharan and
Laurens van der Maaten and
Li Fei{-}Fei and
C. Lawrence Zitnick and
Ross B. Girshick},
 bibsource = {dblp computer science bibliography, https://dblp.org},
 booktitle = {2017 {IEEE} Conference on Computer Vision and Pattern Recognition,
{CVPR} 2017, Honolulu, HI, USA, July 21-26, 2017},
 doi = {10.1109/CVPR.2017.215},
 pages = {1988--1997},
 timestamp = {Sat, 30 May 2020 01:00:00 +0200},
 title = {{CLEVR:} {A} Diagnostic Dataset for Compositional Language and Elementary
Visual Reasoning},
 year = {2017}
}

@inproceedings{thrush2022winoground,
 author = {Thrush, Tristan and Jiang, Ryan and Bartolo, Max and Singh, Amanpreet and Williams, Adina and Kiela, Douwe and Ross, Candace},
 booktitle = {Proceedings of the IEEE/CVF Conference on Computer Vision and Pattern Recognition},
 pages = {5238--5248},
 title = {Winoground: Probing vision and language models for visio-linguistic compositionality},
 year = {2022}
}

@inproceedings{wang2022superNI,
 author = {Wang, Yizhong  and
Mishra, Swaroop  and
Alipoormolabashi, Pegah  and
Kordi, Yeganeh  and
Mirzaei, Amirreza  and
Naik, Atharva  and
Ashok, Arjun  and
Dhanasekaran, Arut Selvan  and
Arunkumar, Anjana  and
Stap, David  and
Pathak, Eshaan  and
Karamanolakis, Giannis  and
Lai, Haizhi  and
Purohit, Ishan  and
Mondal, Ishani  and
Anderson, Jacob  and
Kuznia, Kirby  and
Doshi, Krima  and
Pal, Kuntal Kumar  and
Patel, Maitreya  and
Moradshahi, Mehrad  and
Parmar, Mihir  and
Purohit, Mirali  and
Varshney, Neeraj  and
Kaza, Phani Rohitha  and
Verma, Pulkit  and
Puri, Ravsehaj Singh  and
Karia, Rushang  and
Doshi, Savan  and
Sampat, Shailaja Keyur  and
Mishra, Siddhartha  and
Reddy A, Sujan  and
Patro, Sumanta  and
Dixit, Tanay  and
Shen, Xudong},
 booktitle = {Proceedings of the 2022 Conference on Empirical Methods in Natural Language Processing},
 pages = {5085--5109},
 title = {Super-{N}atural{I}nstructions: Generalization via Declarative Instructions on 1600+ {NLP} Tasks},
 year = {2022}
}

@inproceedings{weifinetuned,
 author = {Jason Wei and
Maarten Bosma and
Vincent Y. Zhao and
Kelvin Guu and
Adams Wei Yu and
Brian Lester and
Nan Du and
Andrew M. Dai and
Quoc V. Le},
 bibsource = {dblp computer science bibliography, https://dblp.org},
 booktitle = {The Tenth International Conference on Learning Representations, {ICLR}
2022, Virtual Event, April 25-29, 2022},
 timestamp = {Sat, 20 Aug 2022 01:00:00 +0200},
 title = {Finetuned Language Models are Zero-Shot Learners},
 year = {2022}
}

@article{von2022transformers,
 author = {von Oswald, Johannes and Niklasson, Eyvind and Randazzo, Ettore and Sacramento, Jo{\~a}o and Mordvintsev, Alexander and Zhmoginov, Andrey and Vladymyrov, Max},
 journal = {ArXiv preprint},
 title = {Transformers learn in-context by gradient descent},
 volume = {abs/2212.07677},
 year = {2022}
}

@inproceedings{marino2019okvqa,
 author = {Kenneth Marino and
Mohammad Rastegari and
Ali Farhadi and
Roozbeh Mottaghi},
 bibsource = {dblp computer science bibliography, https://dblp.org},
 booktitle = {{IEEE} Conference on Computer Vision and Pattern Recognition, {CVPR}
2019, Long Beach, CA, USA, June 16-20, 2019},
 doi = {10.1109/CVPR.2019.00331},
 pages = {3195--3204},
 timestamp = {Mon, 20 Jan 2020 00:00:00 +0100},
 title = {{OK-VQA:} {A} Visual Question Answering Benchmark Requiring External
Knowledge},
 year = {2019}
}

@inproceedings{schwenk2022aokvqa,
 author = {Schwenk, Dustin and Khandelwal, Apoorv and Clark, Christopher and Marino, Kenneth and Mottaghi, Roozbeh},
 booktitle = {Computer Vision--ECCV 2022: 17th European Conference, Tel Aviv, Israel, October 23--27, 2022, Proceedings, Part VIII},
 organization = {Springer},
 pages = {146--162},
 title = {A-OKVQA: A Benchmark for Visual Question Answering using World Knowledge},
 year = {2022}
}

@inproceedings{Suhr2017NLVR,
 author = {Suhr, Alane  and
Lewis, Mike  and
Yeh, James  and
Artzi, Yoav},
 booktitle = {Proceedings of the 55th Annual Meeting of the Association for Computational Linguistics (Volume 2: Short Papers)},
 doi = {10.18653/v1/P17-2034},
 pages = {217--223},
 title = {A Corpus of Natural Language for Visual Reasoning},
 year = {2017}
}

@article{zhu2023minigpt4,
 author = {Zhu, Deyao and Chen, Jun and Shen, Xiaoqian and Li, Xiang and Elhoseiny, Mohamed},
 journal = {ArXiv preprint},
 title = {MiniGPT-4: Enhancing Vision-Language Understanding with Advanced Large Language Models},
 volume = {abs/2304.10592},
 year = {2023}
}

@article{xu2022multiinstruct,
 author = {Xu, Zhiyang and Shen, Ying and Huang, Lifu},
 journal = {ArXiv preprint},
 title = {MultiInstruct: Improving Multi-Modal Zero-Shot Learning via Instruction Tuning},
 volume = {abs/2212.10773},
 year = {2022}
}

@article{liu2023llava,
 author = {Haotian Liu and Chunyuan Li and Qingyang Wu and Yong Jae Lee},
 journal = {ArXiv preprint},
 title = {Visual Instruction Tuning},
 volume = {abs/2304.08485},
 year = {2023}
}

@inproceedings{li2022blip,
 author = {Junnan Li and
Dongxu Li and
Caiming Xiong and
Steven C. H. Hoi},
 bibsource = {dblp computer science bibliography, https://dblp.org},
 booktitle = {International Conference on Machine Learning, {ICML} 2022, 17-23 July
2022, Baltimore, Maryland, {USA}},
 editor = {Kamalika Chaudhuri and
Stefanie Jegelka and
Le Song and
Csaba Szepesv{\'{a}}ri and
Gang Niu and
Sivan Sabato},
 pages = {12888--12900},
 series = {Proceedings of Machine Learning Research},
 timestamp = {Tue, 12 Jul 2022 01:00:00 +0200},
 title = {{BLIP:} Bootstrapping Language-Image Pre-training for Unified Vision-Language
Understanding and Generation},
 volume = {162},
 year = {2022}
}

@article{li2023blip2,
 author = {Li, Junnan and Li, Dongxu and Savarese, Silvio and Hoi, Steven},
 journal = {ArXiv preprint},
 title = {Blip-2: Bootstrapping language-image pre-training with frozen image encoders and large language models},
 volume = {abs/2301.12597},
 year = {2023}
}

@article{russakovsky2015imagenet,
 author = {Russakovsky, Olga and Deng, Jia and Su, Hao and Krause, Jonathan and Satheesh, Sanjeev and Ma, Sean and Huang, Zhiheng and Karpathy, Andrej and Khosla, Aditya and Bernstein, Michael and others},
 journal = {International journal of computer vision},
 pages = {211--252},
 title = {Imagenet large scale visual recognition challenge},
 volume = {115},
 year = {2015}
}

@inproceedings{sidorov2020textcaps,
 author = {Sidorov, Oleksii and Hu, Ronghang and Rohrbach, Marcus and Singh, Amanpreet},
 booktitle = {Computer Vision--ECCV 2020: 16th European Conference, Glasgow, UK, August 23--28, 2020, Proceedings, Part II 16},
 organization = {Springer},
 pages = {742--758},
 title = {Textcaps: a dataset for image captioning with reading comprehension},
 year = {2020}
}

@inproceedings{balanced_vqa_v2,
 author = {Yash Goyal and
Tejas Khot and
Douglas Summers{-}Stay and
Dhruv Batra and
Devi Parikh},
 bibsource = {dblp computer science bibliography, https://dblp.org},
 booktitle = {2017 {IEEE} Conference on Computer Vision and Pattern Recognition,
{CVPR} 2017, Honolulu, HI, USA, July 21-26, 2017},
 doi = {10.1109/CVPR.2017.670},
 pages = {6325--6334},
 timestamp = {Tue, 14 Nov 2017 00:00:00 +0100},
 title = {Making the {V} in {VQA} Matter: Elevating the Role of Image Understanding
in Visual Question Answering},
 year = {2017}
}

@inproceedings{mishra2019ocr_vqa,
 author = {Mishra, Anand and Shekhar, Shashank and Singh, Ajeet Kumar and Chakraborty, Anirban},
 booktitle = {2019 international conference on document analysis and recognition (ICDAR)},
 organization = {IEEE},
 pages = {947--952},
 title = {OCR-VQA: Visual Question Answering by Reading Text in Images},
 year = {2019}
}

@inproceedings{singh2019text_vqa,
 author = {Amanpreet Singh and
Vivek Natarajan and
Meet Shah and
Yu Jiang and
Xinlei Chen and
Dhruv Batra and
Devi Parikh and
Marcus Rohrbach},
 bibsource = {dblp computer science bibliography, https://dblp.org},
 booktitle = {{IEEE} Conference on Computer Vision and Pattern Recognition, {CVPR}
2019, Long Beach, CA, USA, June 16-20, 2019},
 doi = {10.1109/CVPR.2019.00851},
 pages = {8317--8326},
 timestamp = {Mon, 20 Jan 2020 00:00:00 +0100},
 title = {Towards {VQA} Models That Can Read},
 year = {2019}
}

@inproceedings{hudson2019gqa,
 author = {Drew A. Hudson and
Christopher D. Manning},
 bibsource = {dblp computer science bibliography, https://dblp.org},
 booktitle = {{IEEE} Conference on Computer Vision and Pattern Recognition, {CVPR}
2019, Long Beach, CA, USA, June 16-20, 2019},
 doi = {10.1109/CVPR.2019.00686},
 pages = {6700--6709},
 timestamp = {Fri, 27 Mar 2020 00:00:00 +0100},
 title = {{GQA:} {A} New Dataset for Real-World Visual Reasoning and Compositional
Question Answering},
 year = {2019}
}

@inproceedings{lerner2022viquae,
 author = {Lerner, Paul and Ferret, Olivier and Guinaudeau, Camille and Le Borgne, Herv{\'e} and Besan{\c{c}}on, Romaric and Moreno, Jos{\'e} G and Lov{\'o}n Melgarejo, Jes{\'u}s},
 booktitle = {Proceedings of the 45th International ACM SIGIR Conference on Research and Development in Information Retrieval},
 pages = {3108--3120},
 title = {ViQuAE, a dataset for knowledge-based visual question answering about named entities},
 year = {2022}
}

@inproceedings{biten2019st_vqa,
 author = {Ali Furkan Biten and
Rub{\`{e}}n Tito and
Andr{\'{e}}s Mafla and
Llu{\'{\i}}s G{\'{o}}mez i Bigorda and
Mar{\c{c}}al Rusi{\~{n}}ol and
C. V. Jawahar and
Ernest Valveny and
Dimosthenis Karatzas},
 bibsource = {dblp computer science bibliography, https://dblp.org},
 booktitle = {2019 {IEEE/CVF} International Conference on Computer Vision, {ICCV}
2019, Seoul, Korea (South), October 27 - November 2, 2019},
 doi = {10.1109/ICCV.2019.00439},
 pages = {4290--4300},
 timestamp = {Sun, 25 Oct 2020 01:00:00 +0200},
 title = {Scene Text Visual Question Answering},
 year = {2019}
}

@inproceedings{huang2016vist,
 author = {Huang, Ting-Hao Kenneth  and
Ferraro, Francis  and
Mostafazadeh, Nasrin  and
Misra, Ishan  and
Agrawal, Aishwarya  and
Devlin, Jacob  and
Girshick, Ross  and
He, Xiaodong  and
Kohli, Pushmeet  and
Batra, Dhruv  and
Zitnick, C. Lawrence  and
Parikh, Devi  and
Vanderwende, Lucy  and
Galley, Michel  and
Mitchell, Margaret},
 booktitle = {Proceedings of the 2016 Conference of the North {A}merican Chapter of the Association for Computational Linguistics: Human Language Technologies},
 doi = {10.18653/v1/N16-1147},
 pages = {1233--1239},
 title = {Visual Storytelling},
 year = {2016}
}

@inproceedings{esnlive,
 author = {Maxime Kayser and
Oana{-}Maria Camburu and
Leonard Salewski and
Cornelius Emde and
Virginie Do and
Zeynep Akata and
Thomas Lukasiewicz},
 bibsource = {dblp computer science bibliography, https://dblp.org},
 booktitle = {2021 {IEEE/CVF} International Conference on Computer Vision, {ICCV}
2021, Montreal, QC, Canada, October 10-17, 2021},
 doi = {10.1109/ICCV48922.2021.00128},
 pages = {1224--1234},
 timestamp = {Fri, 11 Mar 2022 00:00:00 +0100},
 title = {e-ViL: {A} Dataset and Benchmark for Natural Language Explanations
in Vision-Language Tasks},
 year = {2021}
}

@inproceedings{mathew2021docvqa,
 author = {Mathew, Minesh and Karatzas, Dimosthenis and Jawahar, CV},
 booktitle = {Proceedings of the IEEE/CVF winter conference on applications of computer vision},
 pages = {2200--2209},
 title = {Docvqa: A dataset for vqa on document images},
 year = {2021}
}

@inproceedings{lin2014mscoco,
 author = {Lin, Tsung-Yi and Maire, Michael and Belongie, Serge and Hays, James and Perona, Pietro and Ramanan, Deva and Doll{\'a}r, Piotr and Zitnick, C Lawrence},
 booktitle = {Computer Vision--ECCV 2014: 13th European Conference, Zurich, Switzerland, September 6-12, 2014, Proceedings, Part V 13},
 organization = {Springer},
 pages = {740--755},
 title = {Microsoft coco: Common objects in context},
 year = {2014}
}

@article{dai2022can,
 author = {Dai, Damai and Sun, Yutao and Dong, Li and Hao, Yaru and Sui, Zhifang and Wei, Furu},
 journal = {ArXiv preprint},
 title = {Why Can GPT Learn In-Context? Language Models Secretly Perform Gradient Descent as Meta Optimizers},
 volume = {abs/2212.10559},
 year = {2022}
}

@inproceedings{das2017visual_dialog,
 author = {Abhishek Das and
Satwik Kottur and
Khushi Gupta and
Avi Singh and
Deshraj Yadav and
Jos{\'{e}} M. F. Moura and
Devi Parikh and
Dhruv Batra},
 bibsource = {dblp computer science bibliography, https://dblp.org},
 booktitle = {2017 {IEEE} Conference on Computer Vision and Pattern Recognition,
{CVPR} 2017, Honolulu, HI, USA, July 21-26, 2017},
 doi = {10.1109/CVPR.2017.121},
 pages = {1080--1089},
 timestamp = {Tue, 14 Nov 2017 00:00:00 +0100},
 title = {Visual Dialog},
 year = {2017}
}

@inproceedings{elliott2016multi30k,
 author = {Elliott, Desmond  and
Frank, Stella  and
Sima{'}an, Khalil  and
Specia, Lucia},
 booktitle = {Proceedings of the 5th Workshop on Vision and Language},
 doi = {10.18653/v1/W16-3210},
 pages = {70--74},
 title = {{M}ulti30{K}: Multilingual {E}nglish-{G}erman Image Descriptions},
 year = {2016}
}

@inproceedings{yu2016modeling_refcoco,
 author = {Yu, Licheng and Poirson, Patrick and Yang, Shan and Berg, Alexander C and Berg, Tamara L},
 booktitle = {Computer Vision--ECCV 2016: 14th European Conference, Amsterdam, The Netherlands, October 11-14, 2016, Proceedings, Part II 14},
 organization = {Springer},
 pages = {69--85},
 title = {Modeling context in referring expressions},
 year = {2016}
}

@inproceedings{kazemzadeh2014referitgame,
 author = {Kazemzadeh, Sahar  and
Ordonez, Vicente  and
Matten, Mark  and
Berg, Tamara},
 booktitle = {Proceedings of the 2014 Conference on Empirical Methods in Natural Language Processing ({EMNLP})},
 doi = {10.3115/v1/D14-1086},
 pages = {787--798},
 title = {{R}efer{I}t{G}ame: Referring to Objects in Photographs of Natural Scenes},
 year = {2014}
}

@article{duanmu2021iqa,
 author = {Duanmu, Zhengfang and Liu, Wentao and Wang, Zhongling and Wang, Zhou},
 journal = {Annual Review of Vision Science},
 pages = {437--464},
 title = {Quantifying visual image quality: A Bayesian view},
 volume = {7},
 year = {2021}
}

@inproceedings{zellers2019vcr,
 author = {Rowan Zellers and
Yonatan Bisk and
Ali Farhadi and
Yejin Choi},
 bibsource = {dblp computer science bibliography, https://dblp.org},
 booktitle = {{IEEE} Conference on Computer Vision and Pattern Recognition, {CVPR}
2019, Long Beach, CA, USA, June 16-20, 2019},
 doi = {10.1109/CVPR.2019.00688},
 pages = {6720--6731},
 timestamp = {Mon, 20 Jan 2020 00:00:00 +0100},
 title = {From Recognition to Cognition: Visual Commonsense Reasoning},
 year = {2019}
}

@inproceedings{tanaka2021visualmrc,
 author = {Ryota Tanaka and
Kyosuke Nishida and
Sen Yoshida},
 bibsource = {dblp computer science bibliography, https://dblp.org},
 booktitle = {Thirty-Fifth {AAAI} Conference on Artificial Intelligence, {AAAI}
2021, Thirty-Third Conference on Innovative Applications of Artificial
Intelligence, {IAAI} 2021, The Eleventh Symposium on Educational Advances
in Artificial Intelligence, {EAAI} 2021, Virtual Event, February 2-9,
2021},
 pages = {13878--13888},
 timestamp = {Mon, 07 Jun 2021 01:00:00 +0200},
 title = {VisualMRC: Machine Reading Comprehension on Document Images},
 year = {2021}
}

@article{li2019coco_cn,
 author = {Li, Xirong and Xu, Chaoxi and Wang, Xiaoxu and Lan, Weiyu and Jia, Zhengxiong and Yang, Gang and Xu, Jieping},
 journal = {IEEE Transactions on Multimedia},
 number = {9},
 pages = {2347--2360},
 title = {COCO-CN for cross-lingual image tagging, captioning, and retrieval},
 volume = {21},
 year = {2019}
}

@inproceedings{krause2016image_para_cap,
 author = {Jonathan Krause and
Justin Johnson and
Ranjay Krishna and
Li Fei{-}Fei},
 bibsource = {dblp computer science bibliography, https://dblp.org},
 booktitle = {2017 {IEEE} Conference on Computer Vision and Pattern Recognition,
{CVPR} 2017, Honolulu, HI, USA, July 21-26, 2017},
 doi = {10.1109/CVPR.2017.356},
 pages = {3337--3345},
 timestamp = {Sat, 19 Oct 2019 01:00:00 +0200},
 title = {A Hierarchical Approach for Generating Descriptive Image Paragraphs},
 year = {2017}
}

@inproceedings{agrawal2019nocaps,
 author = {Harsh Agrawal and
Peter Anderson and
Karan Desai and
Yufei Wang and
Xinlei Chen and
Rishabh Jain and
Mark Johnson and
Dhruv Batra and
Devi Parikh and
Stefan Lee},
 bibsource = {dblp computer science bibliography, https://dblp.org},
 booktitle = {2019 {IEEE/CVF} International Conference on Computer Vision, {ICCV}
2019, Seoul, Korea (South), October 27 - November 2, 2019},
 doi = {10.1109/ICCV.2019.00904},
 pages = {8947--8956},
 timestamp = {Sun, 25 Oct 2020 01:00:00 +0200},
 title = {nocaps: novel object captioning at scale},
 year = {2019}
}

@article{krishna2017visual_genome,
 author = {Krishna, Ranjay and Zhu, Yuke and Groth, Oliver and Johnson, Justin and Hata, Kenji and Kravitz, Joshua and Chen, Stephanie and Kalantidis, Yannis and Li, Li-Jia and Shamma, David A and others},
 journal = {International journal of computer vision},
 pages = {32--73},
 title = {Visual genome: Connecting language and vision using crowdsourced dense image annotations},
 volume = {123},
 year = {2017}
}

@inproceedings{xu2016msrvtt,
 author = {Jun Xu and
Tao Mei and
Ting Yao and
Yong Rui},
 bibsource = {dblp computer science bibliography, https://dblp.org},
 booktitle = {2016 {IEEE} Conference on Computer Vision and Pattern Recognition,
{CVPR} 2016, Las Vegas, NV, USA, June 27-30, 2016},
 doi = {10.1109/CVPR.2016.571},
 pages = {5288--5296},
 timestamp = {Mon, 18 Nov 2019 00:00:00 +0100},
 title = {{MSR-VTT:} {A} Large Video Description Dataset for Bridging Video
and Language},
 year = {2016}
}

@inproceedings{xu2017msrvtt_qa,
 author = {Dejing Xu and
Zhou Zhao and
Jun Xiao and
Fei Wu and
Hanwang Zhang and
Xiangnan He and
Yueting Zhuang},
 bibsource = {dblp computer science bibliography, https://dblp.org},
 booktitle = {Proceedings of the 2017 {ACM} on Multimedia Conference, {MM} 2017,
Mountain View, CA, USA, October 23-27, 2017},
 crossref = {DBLP:conf/mm/2017},
 doi = {10.1145/3123266.3123427},
 pages = {1645--1653},
 timestamp = {Tue, 06 Nov 2018 00:00:00 +0100},
 title = {Video Question Answering via Gradually Refined Attention over Appearance
and Motion},
 year = {2017}
}

@inproceedings{li2016flickr8k_cn,
 author = {Li, Xirong and Lan, Weiyu and Dong, Jianfeng and Liu, Hailong},
 booktitle = {Proceedings of the 2016 ACM on international conference on multimedia retrieval},
 pages = {271--275},
 title = {Adding chinese captions to images},
 year = {2016}
}

@article{veit2016coco_text,
 author = {Veit, Andreas and Matera, Tomas and Neumann, Lukas and Matas, Jiri and Belongie, Serge},
 journal = {ArXiv preprint},
 title = {Coco-text: Dataset and benchmark for text detection and recognition in natural images},
 volume = {abs/1601.07140},
 year = {2016}
}

@article{chen2017chinesefoodnet,
 author = {Chen, Xin and Zhu, Yu and Zhou, Hua and Diao, Liang and Wang, Dongyan},
 journal = {ArXiv preprint},
 title = {Chinesefoodnet: A large-scale image dataset for chinese food recognition},
 volume = {abs/1705.02743},
 year = {2017}
}

@inproceedings{goyal2017something_something,
 author = {Raghav Goyal and
Samira Ebrahimi Kahou and
Vincent Michalski and
Joanna Materzynska and
Susanne Westphal and
Heuna Kim and
Valentin Haenel and
Ingo Fr{\"{u}}nd and
Peter Yianilos and
Moritz Mueller{-}Freitag and
Florian Hoppe and
Christian Thurau and
Ingo Bax and
Roland Memisevic},
 bibsource = {dblp computer science bibliography, https://dblp.org},
 booktitle = {{IEEE} International Conference on Computer Vision, {ICCV} 2017, Venice,
Italy, October 22-29, 2017},
 doi = {10.1109/ICCV.2017.622},
 pages = {5843--5851},
 timestamp = {Thu, 11 Jan 2018 00:00:00 +0100},
 title = {The "Something Something" Video Database for Learning and Evaluating
Visual Common Sense},
 year = {2017}
}

@article{liu2022vsr,
 author = {Liu, Fangyu and Emerson, Guy and Collier, Nigel},
 journal = {ArXiv preprint},
 title = {Visual spatial reasoning},
 volume = {abs/2205.00363},
 year = {2022}
}

@inproceedings{zheng2021mmchat,
 author = {Zheng, Yinhe  and
Chen, Guanyi  and
Liu, Xin  and
Sun, Jian},
 booktitle = {Proceedings of the Thirteenth Language Resources and Evaluation Conference},
 pages = {5778--5786},
 title = {{MMC}hat: Multi-Modal Chat Dataset on Social Media},
 year = {2022}
}

@inproceedings{andreas2016shapes,
 author = {Jacob Andreas and
Marcus Rohrbach and
Trevor Darrell and
Dan Klein},
 bibsource = {dblp computer science bibliography, https://dblp.org},
 booktitle = {2016 {IEEE} Conference on Computer Vision and Pattern Recognition,
{CVPR} 2016, Las Vegas, NV, USA, June 27-30, 2016},
 doi = {10.1109/CVPR.2016.12},
 pages = {39--48},
 timestamp = {Thu, 25 May 2017 01:00:00 +0200},
 title = {Neural Module Networks},
 year = {2016}
}

@article{sharma2017nlg_eval,
 author = {Sharma, Shikhar and Asri, Layla El and Schulz, Hannes and Zumer, Jeremie},
 journal = {ArXiv preprint},
 title = {Relevance of unsupervised metrics in task-oriented dialogue for evaluating natural language generation},
 volume = {abs/1706.09799},
 year = {2017}
}

@inproceedings{rohrbach2018object,
 author = {Rohrbach, Anna  and
Hendricks, Lisa Anne  and
Burns, Kaylee  and
Darrell, Trevor  and
Saenko, Kate},
 booktitle = {Proceedings of the 2018 Conference on Empirical Methods in Natural Language Processing},
 doi = {10.18653/v1/D18-1437},
 pages = {4035--4045},
 title = {Object Hallucination in Image Captioning},
 year = {2018}
}

@inproceedings{kim-etal-2019-audiocaps,
 author = {Kim, Chris Dongjoo  and
Kim, Byeongchang  and
Lee, Hyunmin  and
Kim, Gunhee},
 booktitle = {Proceedings of the 2019 Conference of the North {A}merican Chapter of the Association for Computational Linguistics: Human Language Technologies, Volume 1 (Long and Short Papers)},
 doi = {10.18653/v1/N19-1011},
 pages = {119--132},
 title = {{A}udio{C}aps: Generating Captions for Audios in The Wild},
 year = {2019}
}

@misc{icl_survey,
 archiveprefix = {arXiv},
 author = {Qingxiu Dong and Lei Li and Damai Dai and Ce Zheng and Zhiyong Wu and Baobao Chang and Xu Sun and Jingjing Xu and Lei Li and Zhifang Sui},
 eprint = {2301.00234},
 primaryclass = {cs.CL},
 title = {A Survey for In-context Learning},
 year = {2022}
}

@article{zhao2023mmicl,
 author = {Zhao, Haozhe and Cai, Zefan and Si, Shuzheng and Ma, Xiaojian and An, Kaikai and Chen, Liang and Liu, Zixuan and Wang, Sheng and Han, Wenjuan and Chang, Baobao},
 journal = {ArXiv preprint},
 title = {MMICL: Empowering Vision-language Model with Multi-Modal In-Context Learning},
 volume = {abs/2309.07915},
 year = {2023}
}

@inproceedings{lu2018neural,
 author = {Jiasen Lu and
Jianwei Yang and
Dhruv Batra and
Devi Parikh},
 bibsource = {dblp computer science bibliography, https://dblp.org},
 booktitle = {2018 {IEEE} Conference on Computer Vision and Pattern Recognition,
{CVPR} 2018, Salt Lake City, UT, USA, June 18-22, 2018},
 doi = {10.1109/CVPR.2018.00754},
 pages = {7219--7228},
 timestamp = {Wed, 06 Feb 2019 00:00:00 +0100},
 title = {Neural Baby Talk},
 year = {2018}
}

@article{baichuan2023baichuan2,
 author = {Baichuan},
 journal = {ArXiv preprint},
 title = {Baichuan 2: Open Large-scale Language Models},
 volume = {abs/2309.10305},
 year = {2023}
}

@article{mei2023wavcaps,
 author = {Mei, Xinhao and Meng, Chutong and Liu, Haohe and Kong, Qiuqiang and Ko, Tom and Zhao, Chengqi and Plumbley, Mark D and Zou, Yuexian and Wang, Wenwu},
 journal = {ArXiv preprint},
 title = {WavCaps: A ChatGPT-Assisted Weakly-Labelled Audio Captioning Dataset for Audio-Language Multimodal Research},
 volume = {abs/2303.17395},
 year = {2023}
}

@inproceedings{you-etal-2022-end,
 author = {You, Chenyu  and
Chen, Nuo  and
Liu, Fenglin  and
Ge, Shen  and
Wu, Xian  and
Zou, Yuexian},
 booktitle = {Findings of the Association for Computational Linguistics: NAACL 2022},
 doi = {10.18653/v1/2022.findings-naacl.91},
 pages = {1219--1232},
 title = {End-to-end Spoken Conversational Question Answering: Task, Dataset and Model},
 year = {2022}
}

@article{zhai2023investigating,
 author = {Zhai, Yuexiang and Tong, Shengbang and Li, Xiao and Cai, Mu and Qu, Qing and Lee, Yong Jae and Ma, Yi},
 journal = {ArXiv preprint},
 title = {Investigating the Catastrophic Forgetting in Multimodal Large Language Models},
 volume = {abs/2309.10313},
 year = {2023}
}

@article{li2023otter,
 author = {Li, Bo and Zhang, Yuanhan and Chen, Liangyu and Wang, Jinghao and Yang, Jingkang and Liu, Ziwei},
 journal = {ArXiv preprint},
 title = {Otter: A Multi-Modal Model with In-Context Instruction Tuning},
 volume = {abs/2305.03726},
 year = {2023}
}

@article{li2023mimicit,
 archiveprefix = {arXiv},
 author = {Bo Li and Yuanhan Zhang and Liangyu Chen and Jinghao Wang and Fanyi Pu and Jingkang Yang and Chunyuan Li and Ziwei Liu},
 eprint = {2306.05425},
 primaryclass = {cs.CV},
 title = {MIMIC-IT: Multi-Modal In-Context Instruction Tuning},
 year = {2023}
}

@article{2023llavarlhf,
 author = {Zhiqing Sun and Sheng Shen and Shengcao Cao and Haotian Liu and Chunyuan Li and Yikang Shen and Chuang Gan and Liang-Yan Gui and Yu-Xiong Wang and Yiming Yang and Kurt Keutzer and Trevor Darrell},
 journal = {ArXiv preprint},
 title = {Aligning Large Multimodal Models with Factually Augmented RLHF},
 volume = {abs/2309.14525},
 year = {2023}
}

@article{zhou2023lima,
 author = {Zhou, Chunting and Liu, Pengfei and Xu, Puxin and Iyer, Srini and Sun, Jiao and Mao, Yuning and Ma, Xuezhe and Efrat, Avia and Yu, Ping and Yu, Lili and others},
 journal = {ArXiv preprint},
 title = {Lima: Less is more for alignment},
 volume = {abs/2305.11206},
 year = {2023}
}

@article{awadalla2023openflamingo,
 author = {Anas Awadalla and Irena Gao and Josh Gardner and Jack Hessel and Yusuf Hanafy and Wanrong Zhu and Kalyani Marathe and Yonatan Bitton and Samir Gadre and Shiori Sagawa and Jenia Jitsev and Simon Kornblith and Pang Wei Koh and Gabriel Ilharco and Mitchell Wortsman and Ludwig Schmidt},
 journal = {ArXiv preprint},
 title = {OpenFlamingo: An Open-Source Framework for Training Large Autoregressive Vision-Language Models},
 volume = {abs/2308.01390},
 year = {2023}
}

@article{Alayrac2022FlamingoAV,
 author = {Jean-Baptiste Alayrac and Jeff Donahue and Pauline Luc and Antoine Miech and Iain Barr and Yana Hasson and Karel Lenc and Arthur Mensch and Katie Millican and Malcolm Reynolds and Roman Ring and Eliza Rutherford and Serkan Cabi and Tengda Han and Zhitao Gong and Sina Samangooei and Marianne Monteiro and Jacob Menick and Sebastian Borgeaud and Andy Brock and Aida Nematzadeh and Sahand Sharifzadeh and Mikolaj Binkowski and Ricardo Barreira and Oriol Vinyals and Andrew Zisserman and Karen Simonyan},
 journal = {ArXiv preprint},
 title = {Flamingo: a Visual Language Model for Few-Shot Learning},
 volume = {abs/2204.14198},
 year = {2022}
}

@article{ouyang2022instructgpt,
 author = {Ouyang, Long and Wu, Jeffrey and Jiang, Xu and Almeida, Diogo and Wainwright, Carroll and Mishkin, Pamela and Zhang, Chong and Agarwal, Sandhini and Slama, Katarina and Ray, Alex and others},
 journal = {Advances in Neural Information Processing Systems},
 pages = {27730--27744},
 title = {Training language models to follow instructions with human feedback},
 volume = {35},
 year = {2022}
}

@article{zhang2023siren,
 author = {Zhang, Yue and Li, Yafu and Cui, Leyang and Cai, Deng and Liu, Lemao and Fu, Tingchen and Huang, Xinting and Zhao, Enbo and Zhang, Yu and Chen, Yulong and others},
 journal = {ArXiv preprint},
 title = {Siren's Song in the AI Ocean: A Survey on Hallucination in Large Language Models},
 volume = {abs/2309.01219},
 year = {2023}
}

@article{li2023hallucinate,
 author = {Li, Yifan and Du, Yifan and Zhou, Kun and Wang, Jinpeng and Zhao, Wayne Xin and Wen, Ji-Rong},
 journal = {ArXiv preprint},
 title = {Evaluating object hallucination in large vision-language models},
 volume = {abs/2305.10355},
 year = {2023}
}

@article{chen2023polite,
 author = {Chen, Delong and Liu, Jianfeng and Dai, Wenliang and Wang, Baoyuan},
 journal = {ArXiv preprint},
 title = {Visual Instruction Tuning with Polite Flamingo},
 volume = {abs/2307.01003},
 year = {2023}
}

@misc{vicuna2023,
 author = {Chiang, Wei-Lin and Li, Zhuohan and Lin, Zi and Sheng, Ying and Wu, Zhanghao and Zhang, Hao and Zheng, Lianmin and Zhuang, Siyuan and Zhuang, Yonghao and Gonzalez, Joseph E. and Stoica, Ion and Xing, Eric P.},
 title = {Vicuna: An Open-Source Chatbot Impressing GPT-4 with 90\%* ChatGPT Quality},
 year = {2023}
}

@article{wang2023large,
 author = {Wang, Peiyi and Li, Lei and Chen, Liang and Zhu, Dawei and Lin, Binghuai and Cao, Yunbo and Liu, Qi and Liu, Tianyu and Sui, Zhifang},
 journal = {ArXiv preprint},
 title = {Large Language Models are not Fair Evaluators},
 volume = {abs/2305.17926},
 year = {2023}
}

@inproceedings{AdamRoberts2020HowMK,
 author = {Roberts, Adam  and
Raffel, Colin  and
Shazeer, Noam},
 booktitle = {Proceedings of the 2020 Conference on Empirical Methods in Natural Language Processing (EMNLP)},
 doi = {10.18653/v1/2020.emnlp-main.437},
 pages = {5418--5426},
 title = {How Much Knowledge Can You Pack Into the Parameters of a Language Model?},
 year = {2020}
}

@inproceedings{albef,
 author = {Junnan Li and
Ramprasaath R. Selvaraju and
Akhilesh Gotmare and
Shafiq R. Joty and
Caiming Xiong and
Steven Chu{-}Hong Hoi},
 bibsource = {dblp computer science bibliography, https://dblp.org},
 booktitle = {Advances in Neural Information Processing Systems 34: Annual Conference
on Neural Information Processing Systems 2021, NeurIPS 2021, December
6-14, 2021, virtual},
 editor = {Marc'Aurelio Ranzato and
Alina Beygelzimer and
Yann N. Dauphin and
Percy Liang and
Jennifer Wortman Vaughan},
 pages = {9694--9705},
 timestamp = {Tue, 03 May 2022 01:00:00 +0200},
 title = {Align before Fuse: Vision and Language Representation Learning with
Momentum Distillation},
 year = {2021}
}

@inproceedings{kim2021vilt,
 author = {Wonjae Kim and
Bokyung Son and
Ildoo Kim},
 bibsource = {dblp computer science bibliography, https://dblp.org},
 booktitle = {Proceedings of the 38th International Conference on Machine Learning,
{ICML} 2021, 18-24 July 2021, Virtual Event},
 editor = {Marina Meila and
Tong Zhang},
 pages = {5583--5594},
 series = {Proceedings of Machine Learning Research},
 timestamp = {Wed, 25 Aug 2021 01:00:00 +0200},
 title = {ViLT: Vision-and-Language Transformer Without Convolution or Region
Supervision},
 volume = {139},
 year = {2021}
}

@inproceedings{abdou-etal-2021-languagecolor,
 author = {Abdou, Mostafa  and
Kulmizev, Artur  and
Hershcovich, Daniel  and
Frank, Stella  and
Pavlick, Ellie  and
S{\o}gaard, Anders},
 booktitle = {Proceedings of the 25th Conference on Computational Natural Language Learning},
 doi = {10.18653/v1/2021.conll-1.9},
 pages = {109--132},
 title = {Can Language Models Encode Perceptual Structure Without Grounding? A Case Study in Color},
 year = {2021}
}

@inproceedings{bisk2020piqa,
 author = {Yonatan Bisk and
Rowan Zellers and
Ronan LeBras and
Jianfeng Gao and
Yejin Choi},
 bibsource = {dblp computer science bibliography, https://dblp.org},
 booktitle = {The Thirty-Fourth {AAAI} Conference on Artificial Intelligence, {AAAI}
2020, The Thirty-Second Innovative Applications of Artificial Intelligence
Conference, {IAAI} 2020, The Tenth {AAAI} Symposium on Educational
Advances in Artificial Intelligence, {EAAI} 2020, New York, NY, USA,
February 7-12, 2020},
 pages = {7432--7439},
 timestamp = {Thu, 04 Jun 2020 01:00:00 +0200},
 title = {{PIQA:} Reasoning about Physical Commonsense in Natural Language},
 year = {2020}
}

@inproceedings{huang2022planner,
 author = {Wenlong Huang and
Pieter Abbeel and
Deepak Pathak and
Igor Mordatch},
 bibsource = {dblp computer science bibliography, https://dblp.org},
 booktitle = {International Conference on Machine Learning, {ICML} 2022, 17-23 July
2022, Baltimore, Maryland, {USA}},
 editor = {Kamalika Chaudhuri and
Stefanie Jegelka and
Le Song and
Csaba Szepesv{\'{a}}ri and
Gang Niu and
Sivan Sabato},
 pages = {9118--9147},
 series = {Proceedings of Machine Learning Research},
 timestamp = {Tue, 12 Jul 2022 01:00:00 +0200},
 title = {Language Models as Zero-Shot Planners: Extracting Actionable Knowledge
for Embodied Agents},
 volume = {162},
 year = {2022}
}

@article{ahn2022can,
 author = {Ahn, Michael and Brohan, Anthony and Brown, Noah and Chebotar, Yevgen and Cortes, Omar and David, Byron and Finn, Chelsea and Gopalakrishnan, Keerthana and Hausman, Karol and Herzog, Alex and others},
 journal = {ArXiv preprint},
 title = {Do as i can, not as i say: Grounding language in robotic affordances},
 volume = {abs/2204.01691},
 year = {2022}
}

@inproceedings{hu2021unit,
 author = {Ronghang Hu and
Amanpreet Singh},
 bibsource = {dblp computer science bibliography, https://dblp.org},
 booktitle = {2021 {IEEE/CVF} International Conference on Computer Vision, {ICCV}
2021, Montreal, QC, Canada, October 10-17, 2021},
 doi = {10.1109/ICCV48922.2021.00147},
 pages = {1419--1429},
 timestamp = {Fri, 11 Mar 2022 00:00:00 +0100},
 title = {UniT: Multimodal Multitask Learning with a Unified Transformer},
 year = {2021}
}

@inproceedings{wang2021simvlm,
 author = {Zirui Wang and
Jiahui Yu and
Adams Wei Yu and
Zihang Dai and
Yulia Tsvetkov and
Yuan Cao},
 bibsource = {dblp computer science bibliography, https://dblp.org},
 booktitle = {The Tenth International Conference on Learning Representations, {ICLR}
2022, Virtual Event, April 25-29, 2022},
 timestamp = {Sat, 20 Aug 2022 01:00:00 +0200},
 title = {SimVLM: Simple Visual Language Model Pretraining with Weak Supervision},
 year = {2022}
}

@book{bloom2002children,
 author = {Bloom, Paul},
 title = {How children learn the meanings of words},
 year = {2002}
}

@inproceedings{tamari2020embodiedNLU,
 author = {Tamari, Ronen  and
Shani, Chen  and
Hope, Tom  and
Petruck, Miriam R L  and
Abend, Omri  and
Shahaf, Dafna},
 booktitle = {Proceedings of the 58th Annual Meeting of the Association for Computational Linguistics},
 doi = {10.18653/v1/2020.acl-main.559},
 pages = {6268--6281},
 title = {{L}anguage (Re)modelling: {T}owards Embodied Language Understanding},
 year = {2020}
}

@inproceedings{singh2022flava,
 author = {Singh, Amanpreet and Hu, Ronghang and Goswami, Vedanuj and Couairon, Guillaume and Galuba, Wojciech and Rohrbach, Marcus and Kiela, Douwe},
 booktitle = {Proceedings of the IEEE/CVF Conference on Computer Vision and Pattern Recognition},
 pages = {15638--15650},
 title = {Flava: A foundational language and vision alignment model},
 year = {2022}
}

@article{huang2017nst,
 author = {Huang, Zehao and Wang, Naiyan},
 journal = {ArXiv preprint},
 title = {Like what you like: Knowledge distill via neuron selectivity transfer},
 volume = {abs/1707.01219},
 year = {2017}
}

@article{belinkov2022probing,
 author = {Belinkov, Yonatan},
 doi = {10.1162/coli_a_00422},
 journal = {Computational Linguistics},
 number = {1},
 pages = {207--219},
 title = {Probing Classifiers: Promises, Shortcomings, and Advances},
 volume = {48},
 year = {2022}
}

@article{cohen1960coefficient,
 author = {Cohen, Jacob},
 journal = {Educational and psychological measurement},
 number = {1},
 pages = {37--46},
 title = {A coefficient of agreement for nominal scales},
 volume = {20},
 year = {1960}
}

@inproceedings{zhang-etal-2022-visual,
 author = {Zhang, Chenyu  and
Van Durme, Benjamin  and
Li, Zhuowan  and
Stengel-Eskin, Elias},
 booktitle = {Proceedings of the 2022 Conference of the North American Chapter of the Association for Computational Linguistics: Human Language Technologies},
 doi = {10.18653/v1/2022.naacl-main.390},
 pages = {5321--5335},
 title = {Visual Commonsense in Pretrained Unimodal and Multimodal Models},
 year = {2022}
}

@inproceedings{madureira-2021-flamingos,
 author = {Madureira, Brielen},
 booktitle = {Proceedings of the Fifth Workshop on Teaching NLP},
 doi = {10.18653/v1/2021.teachingnlp-1.14},
 pages = {87--91},
 title = {Flamingos and Hedgehogs in the Croquet-Ground: Teaching Evaluation of {NLP} Systems for Undergraduate Students},
 year = {2021}
}

@inproceedings{schick-schutze-2021-just,
 author = {Schick, Timo  and
Sch{\"u}tze, Hinrich},
 booktitle = {Proceedings of the 2021 Conference of the North American Chapter of the Association for Computational Linguistics: Human Language Technologies},
 doi = {10.18653/v1/2021.naacl-main.185},
 pages = {2339--2352},
 title = {It{'}s Not Just Size That Matters: Small Language Models Are Also Few-Shot Learners},
 year = {2021}
}

@inproceedings{wang-etal-2019-make,
 author = {Wang, Cunxiang  and
Liang, Shuailong  and
Zhang, Yue  and
Li, Xiaonan  and
Gao, Tian},
 booktitle = {Proceedings of the 57th Annual Meeting of the Association for Computational Linguistics},
 doi = {10.18653/v1/P19-1393},
 pages = {4020--4026},
 title = {Does it Make Sense? And Why? A Pilot Study for Sense Making and Explanation},
 year = {2019}
}

@inproceedings{patel2022mapping,
 author = {Roma Patel and
Ellie Pavlick},
 bibsource = {dblp computer science bibliography, https://dblp.org},
 booktitle = {The Tenth International Conference on Learning Representations, {ICLR}
2022, Virtual Event, April 25-29, 2022},
 timestamp = {Sat, 20 Aug 2022 01:00:00 +0200},
 title = {Mapping Language Models to Grounded Conceptual Spaces},
 year = {2022}
}

@inproceedings{bisk2020experience,
 author = {Bisk, Yonatan  and
Holtzman, Ari  and
Thomason, Jesse  and
Andreas, Jacob  and
Bengio, Yoshua  and
Chai, Joyce  and
Lapata, Mirella  and
Lazaridou, Angeliki  and
May, Jonathan  and
Nisnevich, Aleksandr  and
Pinto, Nicolas  and
Turian, Joseph},
 booktitle = {Proceedings of the 2020 Conference on Empirical Methods in Natural Language Processing (EMNLP)},
 doi = {10.18653/v1/2020.emnlp-main.703},
 pages = {8718--8735},
 title = {Experience Grounds Language},
 year = {2020}
}

@inproceedings{brown2020language,
 author = {Tom B. Brown and
Benjamin Mann and
Nick Ryder and
Melanie Subbiah and
Jared Kaplan and
Prafulla Dhariwal and
Arvind Neelakantan and
Pranav Shyam and
Girish Sastry and
Amanda Askell and
Sandhini Agarwal and
Ariel Herbert{-}Voss and
Gretchen Krueger and
Tom Henighan and
Rewon Child and
Aditya Ramesh and
Daniel M. Ziegler and
Jeffrey Wu and
Clemens Winter and
Christopher Hesse and
Mark Chen and
Eric Sigler and
Mateusz Litwin and
Scott Gray and
Benjamin Chess and
Jack Clark and
Christopher Berner and
Sam McCandlish and
Alec Radford and
Ilya Sutskever and
Dario Amodei},
 bibsource = {dblp computer science bibliography, https://dblp.org},
 booktitle = {Advances in Neural Information Processing Systems 33: Annual Conference
on Neural Information Processing Systems 2020, NeurIPS 2020, December
6-12, 2020, virtual},
 editor = {Hugo Larochelle and
Marc'Aurelio Ranzato and
Raia Hadsell and
Maria{-}Florina Balcan and
Hsuan{-}Tien Lin},
 timestamp = {Tue, 19 Jan 2021 00:00:00 +0100},
 title = {Language Models are Few-Shot Learners},
 year = {2020}
}

@inproceedings{changpinyo2021cc12m,
 author = {Soravit Changpinyo and
Piyush Sharma and
Nan Ding and
Radu Soricut},
 bibsource = {dblp computer science bibliography, https://dblp.org},
 booktitle = {{IEEE} Conference on Computer Vision and Pattern Recognition, {CVPR}
2021, virtual, June 19-25, 2021},
 doi = {10.1109/CVPR46437.2021.00356},
 pages = {3558--3568},
 timestamp = {Mon, 18 Jul 2022 01:00:00 +0200},
 title = {Conceptual 12M: Pushing Web-Scale Image-Text Pre-Training To Recognize
Long-Tail Visual Concepts},
 year = {2021}
}

@article{Chen2019UNITER,
 author = {Yen-Chun Chen and Linjie Li and Licheng Yu and Ahmed El Kholy and Faisal Ahmed and Zhe Gan and Yu Cheng and Jingjing Liu},
 journal = {ArXiv},
 title = {UNITER: Learning UNiversal Image-TExt Representations},
 year = {2019}
}

@inproceedings{dai2022knowledge,
 author = {Dai, Damai  and
Dong, Li  and
Hao, Yaru  and
Sui, Zhifang  and
Chang, Baobao  and
Wei, Furu},
 booktitle = {Proceedings of the 60th Annual Meeting of the Association for Computational Linguistics (Volume 1: Long Papers)},
 doi = {10.18653/v1/2022.acl-long.581},
 pages = {8493--8502},
 title = {Knowledge Neurons in Pretrained Transformers},
 year = {2022}
}

@inproceedings{declip,
 author = {Yangguang Li and
Feng Liang and
Lichen Zhao and
Yufeng Cui and
Wanli Ouyang and
Jing Shao and
Fengwei Yu and
Junjie Yan},
 bibsource = {dblp computer science bibliography, https://dblp.org},
 booktitle = {The Tenth International Conference on Learning Representations, {ICLR}
2022, Virtual Event, April 25-29, 2022},
 timestamp = {Sat, 20 Aug 2022 01:00:00 +0200},
 title = {Supervision Exists Everywhere: {A} Data Efficient Contrastive Language-Image
Pre-training Paradigm},
 year = {2022}
}

@inproceedings{devlin2019bert,
 author = {Devlin, Jacob  and
Chang, Ming-Wei  and
Lee, Kenton  and
Toutanova, Kristina},
 booktitle = {Proceedings of the 2019 Conference of the North {A}merican Chapter of the Association for Computational Linguistics: Human Language Technologies, Volume 1 (Long and Short Papers)},
 doi = {10.18653/v1/N19-1423},
 pages = {4171--4186},
 title = {{BERT}: Pre-training of Deep Bidirectional Transformers for Language Understanding},
 year = {2019}
}

@inproceedings{fayyaz2021not,
 author = {Fayyaz, Mohsen  and
Aghazadeh, Ehsan  and
Modarressi, Ali  and
Mohebbi, Hosein  and
Pilehvar, Mohammad Taher},
 booktitle = {Proceedings of the Fourth BlackboxNLP Workshop on Analyzing and Interpreting Neural Networks for NLP},
 doi = {10.18653/v1/2021.blackboxnlp-1.29},
 pages = {375--388},
 title = {Not All Models Localize Linguistic Knowledge in the Same Place: A Layer-wise Probing on {BERT}oids{'} Representations},
 year = {2021}
}

@book{fechner1948elements,
 author = {Fechner, Gustav Theodor and Howes, Davis H and Boring, Edwin Garrigues},
 title = {Elements of psychophysics},
 volume = {1},
 year = {1966}
}

@inproceedings{filip,
 author = {Lewei Yao and
Runhui Huang and
Lu Hou and
Guansong Lu and
Minzhe Niu and
Hang Xu and
Xiaodan Liang and
Zhenguo Li and
Xin Jiang and
Chunjing Xu},
 bibsource = {dblp computer science bibliography, https://dblp.org},
 booktitle = {The Tenth International Conference on Learning Representations, {ICLR}
2022, Virtual Event, April 25-29, 2022},
 timestamp = {Tue, 31 Jan 2023 00:00:00 +0100},
 title = {{FILIP:} Fine-grained Interactive Language-Image Pre-Training},
 year = {2022}
}

@inproceedings{forbes2019neuralphysical,
 author = {Forbes, Maxwell and Holtzman, Ari and Choi, Yejin},
 booktitle = {CogSci},
 title = {Do Neural Language Representations Learn Physical Commonsense?},
 year = {2019}
}

@article{gueorguiev2016touch,
 author = {Gueorguiev, David and Bochereau, S{\'e}r{\'e}na and Mouraux, Andr{\'e} and Hayward, Vincent and Thonnard, Jean-Louis},
 journal = {Scientific reports},
 title = {Touch uses frictional cues to discriminate flat materials},
 year = {2016}
}

@article{harnad1990symbol,
 author = {Harnad, Stevan},
 journal = {Physica D: Nonlinear Phenomena},
 title = {The symbol grounding problem},
 year = {1990}
}

@article{ren2022rethinking,
 author = {Ren, Shuhuai and Li, Lei and Ren, Xuancheng and Zhao, Guangxiang and Sun, Xu},
 journal = {ArXiv preprint},
 title = {Rethinking the Openness of CLIP},
 volume = {abs/2206.01986},
 year = {2022}
}

@article{hintonKD,
 author = {Hinton, Geoffrey and Vinyals, Oriol and Dean, Jeff and others},
 journal = {ArXiv preprint},
 title = {Distilling the knowledge in a neural network},
 volume = {abs/1503.02531},
 year = {2015}
}

@article{iyer2017qqp,
 author = {Iyer, Shankar and Dandekar, Nikhil and Csernai, Korn{\'e}l},
 journal = {First Quora Dataset Release: Question Pairs},
 title = {Quora question pairs},
 year = {2017}
}

@inproceedings{jawahar2019does,
 author = {Jawahar, Ganesh  and
Sagot, Beno{\^\i}t  and
Seddah, Djam{\'e}},
 booktitle = {Proceedings of the 57th Annual Meeting of the Association for Computational Linguistics},
 doi = {10.18653/v1/P19-1356},
 pages = {3651--3657},
 title = {What Does {BERT} Learn about the Structure of Language?},
 year = {2019}
}

@inproceedings{Jia2021ALIGN,
 author = {Chao Jia and
Yinfei Yang and
Ye Xia and
Yi{-}Ting Chen and
Zarana Parekh and
Hieu Pham and
Quoc V. Le and
Yun{-}Hsuan Sung and
Zhen Li and
Tom Duerig},
 bibsource = {dblp computer science bibliography, https://dblp.org},
 booktitle = {Proceedings of the 38th International Conference on Machine Learning,
{ICML} 2021, 18-24 July 2021, Virtual Event},
 editor = {Marina Meila and
Tong Zhang},
 pages = {4904--4916},
 series = {Proceedings of Machine Learning Research},
 timestamp = {Wed, 25 Aug 2021 01:00:00 +0200},
 title = {Scaling Up Visual and Vision-Language Representation Learning With
Noisy Text Supervision},
 volume = {139},
 year = {2021}
}

@article{jones2009thermal,
 author = {Jones, Lynette},
 journal = {Scholarpedia},
 title = {Thermal touch},
 year = {2009}
}

@inproceedings{vaswani2017attention,
 author = {Ashish Vaswani and
Noam Shazeer and
Niki Parmar and
Jakob Uszkoreit and
Llion Jones and
Aidan N. Gomez and
Lukasz Kaiser and
Illia Polosukhin},
 bibsource = {dblp computer science bibliography, https://dblp.org},
 booktitle = {Advances in Neural Information Processing Systems 30: Annual Conference
on Neural Information Processing Systems 2017, December 4-9, 2017,
Long Beach, CA, {USA}},
 editor = {Isabelle Guyon and
Ulrike von Luxburg and
Samy Bengio and
Hanna M. Wallach and
Rob Fergus and
S. V. N. Vishwanathan and
Roman Garnett},
 pages = {5998--6008},
 timestamp = {Thu, 21 Jan 2021 00:00:00 +0100},
 title = {Attention is All you Need},
 year = {2017}
}

@article{krizhevsky2009cifar100,
 author = {Krizhevsky, Alex and Hinton, Geoffrey and others},
 title = {Learning multiple layers of features from tiny images},
 year = {2009}
}

@inproceedings{LAMA,
 author = {Petroni, Fabio  and
Rockt{\"a}schel, Tim  and
Riedel, Sebastian  and
Lewis, Patrick  and
Bakhtin, Anton  and
Wu, Yuxiang  and
Miller, Alexander},
 booktitle = {Proceedings of the 2019 Conference on Empirical Methods in Natural Language Processing and the 9th International Joint Conference on Natural Language Processing (EMNLP-IJCNLP)},
 doi = {10.18653/v1/D19-1250},
 pages = {2463--2473},
 title = {Language Models as Knowledge Bases?},
 year = {2019}
}

@article{Li2019VisualBERT,
 author = {Liunian Harold Li and Mark Yatskar and Da Yin and Cho-Jui Hsieh and Kai-Wei Chang},
 journal = {ArXiv},
 title = {VisualBERT: A Simple and Performant Baseline for Vision and Language},
 year = {2019}
}

@inproceedings{Li2020OscarOA,
 author = {Xiujun Li and Xi Yin and Chunyuan Li and Xiaowei Hu and Pengchuan Zhang and Lei Zhang and Lijuan Wang and Houdong Hu and Li Dong and Furu Wei and Yejin Choi and Jianfeng Gao},
 booktitle = {Proc. of ECCV},
 title = {Oscar: Object-Semantics Aligned Pre-training for Vision-Language Tasks},
 year = {2020}
}

@inproceedings{liu-etal-2022-spatial-commonsense,
 author = {Liu, Xiao  and
Yin, Da  and
Feng, Yansong  and
Zhao, Dongyan},
 booktitle = {Proceedings of the 60th Annual Meeting of the Association for Computational Linguistics (Volume 1: Long Papers)},
 doi = {10.18653/v1/2022.acl-long.168},
 pages = {2365--2376},
 title = {Things not Written in Text: Exploring Spatial Commonsense from Visual Signals},
 year = {2022}
}

@inproceedings{liu2019linguistic,
 author = {Liu, Nelson F.  and
Gardner, Matt  and
Belinkov, Yonatan  and
Peters, Matthew E.  and
Smith, Noah A.},
 booktitle = {Proceedings of the 2019 Conference of the North {A}merican Chapter of the Association for Computational Linguistics: Human Language Technologies, Volume 1 (Long and Short Papers)},
 doi = {10.18653/v1/N19-1112},
 pages = {1073--1094},
 title = {Linguistic Knowledge and Transferability of Contextual Representations},
 year = {2019}
}

@article{kaplan2020scalinglaw,
 author = {Kaplan, Jared and McCandlish, Sam and Henighan, Tom and Brown, Tom B and Chess, Benjamin and Child, Rewon and Gray, Scott and Radford, Alec and Wu, Jeffrey and Amodei, Dario},
 journal = {ArXiv preprint},
 title = {Scaling laws for neural language models},
 volume = {abs/2001.08361},
 year = {2020}
}

@book{gopnik1999childrenLearn,
 author = {Gopnik, Alison and Meltzoff, Andrew N and Kuhl, Patricia K},
 title = {The scientist in the crib: Minds, brains, and how children learn.},
 year = {1999}
}

@article{hao2022LMasInterface,
 author = {Hao, Yaru and Song, Haoyu and Dong, Li and Huang, Shaohan and Chi, Zewen and Wang, Wenhui and Ma, Shuming and Wei, Furu},
 journal = {ArXiv preprint},
 title = {Language models are general-purpose interfaces},
 volume = {abs/2206.06336},
 year = {2022}
}

@article{thomee2016yfcc100m,
 author = {Thomee, Bart and Shamma, David A and Friedland, Gerald and Elizalde, Benjamin and Ni, Karl and Poland, Douglas and Borth, Damian and Li, Li-Jia},
 journal = {Communications of the ACM},
 number = {2},
 pages = {64--73},
 title = {YFCC100M: The new data in multimedia research},
 volume = {59},
 year = {2016}
}

@article{Liu2019RoBERTa,
 author = {Liu, Yinhan and Ott, Myle and Goyal, Naman and Du, Jingfei and Joshi, Mandar and Chen, Danqi and Levy, Omer and Lewis, Mike and Zettlemoyer, Luke and Stoyanov, Veselin},
 journal = {ArXiv preprint},
 title = {Ro{BERT}a: {A} Robustly Optimized {BERT} Pretraining Approach},
 year = {2019}
}

@inproceedings{liu2022things,
 author = {Liu, Xiao  and
Yin, Da  and
Feng, Yansong  and
Zhao, Dongyan},
 booktitle = {Proceedings of the 60th Annual Meeting of the Association for Computational Linguistics (Volume 1: Long Papers)},
 doi = {10.18653/v1/2022.acl-long.168},
 pages = {2365--2376},
 title = {Things not Written in Text: Exploring Spatial Commonsense from Visual Signals},
 year = {2022}
}

@inproceedings{lxmert,
 author = {Tan, Hao  and
Bansal, Mohit},
 booktitle = {Proceedings of the 2019 Conference on Empirical Methods in Natural Language Processing and the 9th International Joint Conference on Natural Language Processing (EMNLP-IJCNLP)},
 doi = {10.18653/v1/D19-1514},
 pages = {5100--5111},
 title = {{LXMERT}: Learning Cross-Modality Encoder Representations from Transformers},
 year = {2019}
}

@article{ontonotesv5,
 author = {Weischedel, Ralph and Palmer, Martha and Marcus, Mitchell and Hovy, Eduard and Pradhan, Sameer and Ramshaw, Lance and Xue, Nianwen and Taylor, Ann and Kaufman, Jeff and Franchini, Michelle and others},
 journal = {Linguistic Data Consortium},
 title = {Ontonotes release 5.0 ldc2013t19},
 year = {2013}
}

@inproceedings{pmlr-v78-image2mass,
 author = {Standley, Trevor and Sener, Ozan and Chen, Dawn and Savarese, Silvio},
 booktitle = {Proceedings of the 1st Annual Conference on Robot Learning},
 title = {image2mass: Estimating the Mass of an Object from Its Image},
 year = {2017}
}

@article{radford2019gpt,
 author = {Radford, Alec and Wu, Jeffrey and Child, Rewon and Luan, David and Amodei, Dario and Sutskever, Ilya and others},
 journal = {OpenAI blog},
 title = {Language models are unsupervised multitask learners},
 year = {2019}
}

@inproceedings{rajpurkar2016squad,
 author = {Rajpurkar, Pranav  and
Zhang, Jian  and
Lopyrev, Konstantin  and
Liang, Percy},
 booktitle = {Proceedings of the 2016 Conference on Empirical Methods in Natural Language Processing},
 doi = {10.18653/v1/D16-1264},
 pages = {2383--2392},
 title = {{SQ}u{AD}: 100,000+ Questions for Machine Comprehension of Text},
 year = {2016}
}

@article{li2023m3it,
 author = {Lei Li and Yuwei Yin and Shicheng Li and Liang Chen and Peiyi Wang and Shuhuai Ren and Mukai Li and Yazheng Yang and Jingjing Xu and Xu Sun and Lingpeng Kong and Qi Liu},
 journal = {ArXiv preprint},
 title = {{M$^3$IT}: A Large-Scale Dataset towards Multi-Modal Multilingual Instruction Tuning},
 volume = {abs/2306.04387},
 year = {2023}
}

@article{rogers-etal-2020-BERTology,
 author = {Rogers, Anna  and
Kovaleva, Olga  and
Rumshisky, Anna},
 doi = {10.1162/tacl_a_00349},
 journal = {Transactions of the Association for Computational Linguistics},
 pages = {842--866},
 title = {A Primer in {BERT}ology: What We Know About How {BERT} Works},
 volume = {8},
 year = {2020}
}

@inproceedings{silveira2014UD,
 author = {Silveira, Natalia  and
Dozat, Timothy  and
de Marneffe, Marie-Catherine  and
Bowman, Samuel  and
Connor, Miriam  and
Bauer, John  and
Manning, Chris},
 booktitle = {Proceedings of the Ninth International Conference on Language Resources and Evaluation ({LREC}'14)},
 pages = {2897--2904},
 title = {A Gold Standard Dependency Corpus for {E}nglish},
 year = {2014}
}

@inproceedings{socher2013sst,
 author = {Socher, Richard  and
Perelygin, Alex  and
Wu, Jean  and
Chuang, Jason  and
Manning, Christopher D.  and
Ng, Andrew  and
Potts, Christopher},
 booktitle = {Proceedings of the 2013 Conference on Empirical Methods in Natural Language Processing},
 pages = {1631--1642},
 title = {Recursive Deep Models for Semantic Compositionality Over a Sentiment Treebank},
 year = {2013}
}

@inproceedings{shen2021much,
 author = {Sheng Shen and
Liunian Harold Li and
Hao Tan and
Mohit Bansal and
Anna Rohrbach and
Kai{-}Wei Chang and
Zhewei Yao and
Kurt Keutzer},
 bibsource = {dblp computer science bibliography, https://dblp.org},
 booktitle = {The Tenth International Conference on Learning Representations, {ICLR}
2022, Virtual Event, April 25-29, 2022},
 timestamp = {Sat, 20 Aug 2022 01:00:00 +0200},
 title = {How Much Can {CLIP} Benefit Vision-and-Language Tasks?},
 year = {2022}
}

@article{srivastava2022bigbench,
 author = {Srivastava, Aarohi and Rastogi, Abhinav and Rao, Abhishek and Shoeb, Abu Awal Md and Abid, Abubakar and Fisch, Adam and Brown, Adam R and Santoro, Adam and Gupta, Aditya and Garriga-Alonso, Adri{\`a} and others},
 journal = {ArXiv preprint},
 title = {Beyond the Imitation Game: Quantifying and extrapolating the capabilities of language models},
 year = {2022}
}

@inproceedings{Su2020VLBERT,
 author = {Weijie Su and
Xizhou Zhu and
Yue Cao and
Bin Li and
Lewei Lu and
Furu Wei and
Jifeng Dai},
 bibsource = {dblp computer science bibliography, https://dblp.org},
 booktitle = {8th International Conference on Learning Representations, {ICLR} 2020,
Addis Ababa, Ethiopia, April 26-30, 2020},
 timestamp = {Thu, 07 May 2020 01:00:00 +0200},
 title = {{VL-BERT:} Pre-training of Generic Visual-Linguistic Representations},
 year = {2020}
}

@inproceedings{tan2020vokenization,
 author = {Tan, Hao  and
Bansal, Mohit},
 booktitle = {Proceedings of the 2020 Conference on Empirical Methods in Natural Language Processing (EMNLP)},
 doi = {10.18653/v1/2020.emnlp-main.162},
 pages = {2066--2080},
 title = {Vokenization: Improving Language Understanding with Contextualized, Visual-Grounded Supervision},
 year = {2020}
}

@inproceedings{tenney2019bertpipeline,
 author = {Tenney, Ian  and
Das, Dipanjan  and
Pavlick, Ellie},
 booktitle = {Proceedings of the 57th Annual Meeting of the Association for Computational Linguistics},
 doi = {10.18653/v1/P19-1452},
 pages = {4593--4601},
 title = {{BERT} Rediscovers the Classical {NLP} Pipeline},
 year = {2019}
}

@inproceedings{tenney2019probing,
 author = {Ian Tenney and
Patrick Xia and
Berlin Chen and
Alex Wang and
Adam Poliak and
R. Thomas McCoy and
Najoung Kim and
Benjamin Van Durme and
Samuel R. Bowman and
Dipanjan Das and
Ellie Pavlick},
 bibsource = {dblp computer science bibliography, https://dblp.org},
 booktitle = {7th International Conference on Learning Representations, {ICLR} 2019,
New Orleans, LA, USA, May 6-9, 2019},
 timestamp = {Thu, 25 Jul 2019 01:00:00 +0200},
 title = {What do you learn from context? Probing for sentence structure in
contextualized word representations},
 year = {2019}
}

@book{thelen1994dynamic,
 author = {Thelen, Esther and Smith, Linda B},
 title = {A dynamic systems approach to the development of cognition and action},
 year = {1994}
}

@inproceedings{timoPET,
 author = {Schick, Timo  and
Sch{\"u}tze, Hinrich},
 booktitle = {Proceedings of the 16th Conference of the European Chapter of the Association for Computational Linguistics: Main Volume},
 doi = {10.18653/v1/2021.eacl-main.20},
 pages = {255--269},
 title = {Exploiting Cloze-Questions for Few-Shot Text Classification and Natural Language Inference},
 year = {2021}
}

@inproceedings{voita2020information,
 author = {Voita, Elena  and
Titov, Ivan},
 booktitle = {Proceedings of the 2020 Conference on Empirical Methods in Natural Language Processing (EMNLP)},
 doi = {10.18653/v1/2020.emnlp-main.14},
 pages = {183--196},
 title = {Information-Theoretic Probing with Minimum Description Length},
 year = {2020}
}

@inproceedings{voita2020mdl,
 author = {Voita, Elena  and
Titov, Ivan},
 booktitle = {Proceedings of the 2020 Conference on Empirical Methods in Natural Language Processing (EMNLP)},
 doi = {10.18653/v1/2020.emnlp-main.14},
 pages = {183--196},
 title = {Information-Theoretic Probing with Minimum Description Length},
 year = {2020}
}

@inproceedings{wallace-etal-2019-nlp,
 author = {Wallace, Eric  and
Wang, Yizhong  and
Li, Sujian  and
Singh, Sameer  and
Gardner, Matt},
 booktitle = {Proceedings of the 2019 Conference on Empirical Methods in Natural Language Processing and the 9th International Joint Conference on Natural Language Processing (EMNLP-IJCNLP)},
 doi = {10.18653/v1/D19-1534},
 pages = {5307--5315},
 title = {Do {NLP} Models Know Numbers? Probing Numeracy in Embeddings},
 year = {2019}
}

@inproceedings{wallace2019numbers,
 author = {Wallace, Eric  and
Wang, Yizhong  and
Li, Sujian  and
Singh, Sameer  and
Gardner, Matt},
 booktitle = {Proceedings of the 2019 Conference on Empirical Methods in Natural Language Processing and the 9th International Joint Conference on Natural Language Processing (EMNLP-IJCNLP)},
 doi = {10.18653/v1/D19-1534},
 pages = {5307--5315},
 title = {Do {NLP} Models Know Numbers? Probing Numeracy in Embeddings},
 year = {2019}
}

@inproceedings{Wang2018GLUE,
 author = {Alex Wang and
Amanpreet Singh and
Julian Michael and
Felix Hill and
Omer Levy and
Samuel R. Bowman},
 bibsource = {dblp computer science bibliography, https://dblp.org},
 booktitle = {7th International Conference on Learning Representations, {ICLR} 2019,
New Orleans, LA, USA, May 6-9, 2019},
 timestamp = {Thu, 25 Jul 2019 01:00:00 +0200},
 title = {{GLUE:} {A} Multi-Task Benchmark and Analysis Platform for Natural
Language Understanding},
 year = {2019}
}

@inproceedings{wang2020align&uniform,
 author = {Tongzhou Wang and
Phillip Isola},
 bibsource = {dblp computer science bibliography, https://dblp.org},
 booktitle = {Proceedings of the 37th International Conference on Machine Learning,
{ICML} 2020, 13-18 July 2020, Virtual Event},
 pages = {9929--9939},
 series = {Proceedings of Machine Learning Research},
 timestamp = {Tue, 15 Dec 2020 00:00:00 +0100},
 title = {Understanding Contrastive Representation Learning through Alignment
and Uniformity on the Hypersphere},
 volume = {119},
 year = {2020}
}

@article{wei2022emergent,
 author = {Jason Wei and Yi Tay and Rishi Bommasani and Colin Raffel and Barret Zoph and Sebastian Borgeaud and Dani Yogatama and Maarten Bosma and Denny Zhou and Donald Metzler and Ed H. Chi and Tatsunori Hashimoto and Oriol Vinyals and Percy Liang and Jeff Dean and William Fedus},
 journal = {Transactions on Machine Learning Research},
 title = {Emergent Abilities of Large Language Models},
 year = {2022}
}

@inproceedings{williams2018mnli,
 author = {Williams, Adina  and
Nangia, Nikita  and
Bowman, Samuel},
 booktitle = {Proceedings of the 2018 Conference of the North {A}merican Chapter of the Association for Computational Linguistics: Human Language Technologies, Volume 1 (Long Papers)},
 doi = {10.18653/v1/N18-1101},
 pages = {1112--1122},
 title = {A Broad-Coverage Challenge Corpus for Sentence Understanding through Inference},
 year = {2018}
}

@inproceedings{yun2021lexicalGrounding,
 author = {Yun, Tian  and
Sun, Chen  and
Pavlick, Ellie},
 booktitle = {Findings of the Association for Computational Linguistics: EMNLP 2021},
 doi = {10.18653/v1/2021.findings-emnlp.370},
 pages = {4357--4366},
 title = {Does Vision-and-Language Pretraining Improve Lexical Grounding?},
 year = {2021}
}

@inproceedings{zhang2020captureScales,
 author = {Zhang, Xikun  and
Ramachandran, Deepak  and
Tenney, Ian  and
Elazar, Yanai  and
Roth, Dan},
 booktitle = {Proceedings of the Third BlackboxNLP Workshop on Analyzing and Interpreting Neural Networks for NLP},
 doi = {10.18653/v1/2020.blackboxnlp-1.27},
 pages = {292--299},
 title = {Do Language Embeddings capture Scales?},
 year = {2020}
}

@misc{zhang2022opt,
 archiveprefix = {arXiv},
 author = {Susan Zhang and Stephen Roller and Naman Goyal and Mikel Artetxe and Moya Chen and Shuohui Chen and Christopher Dewan and Mona Diab and Xian Li and Xi Victoria Lin and Todor Mihaylov and Myle Ott and Sam Shleifer and Kurt Shuster and Daniel Simig and Punit Singh Koura and Anjali Sridhar and Tianlu Wang and Luke Zettlemoyer},
 eprint = {2205.01068},
 title = {OPT: Open Pre-trained Transformer Language Models},
 year = {2022}
}

@inproceedings{Zhao2021CalibrateBU,
 author = {Zihao Zhao and
Eric Wallace and
Shi Feng and
Dan Klein and
Sameer Singh},
 bibsource = {dblp computer science bibliography, https://dblp.org},
 booktitle = {Proceedings of the 38th International Conference on Machine Learning,
{ICML} 2021, 18-24 July 2021, Virtual Event},
 editor = {Marina Meila and
Tong Zhang},
 pages = {12697--12706},
 series = {Proceedings of Machine Learning Research},
 timestamp = {Wed, 25 Aug 2021 01:00:00 +0200},
 title = {Calibrate Before Use: Improving Few-shot Performance of Language Models},
 volume = {139},
 year = {2021}
}

@article{xia2023imagenetvc,
 author = {Xia, Heming and Dong, Qingxiu and Li, Lei and Xu, Jingjing and Qin, Ziwei and Sui, Zhifang},
 journal = {ArXiv preprint},
 title = {ImageNetVC: Zero-Shot Visual Commonsense Evaluation on 1000 ImageNet Categories},
 volume = {abs/2305.15028},
 year = {2023}
}

@inproceedings{ren-etal-2023-delving,
 author = {Ren, Shuhuai  and
Li, Lei  and
Ren, Xuancheng  and
Zhao, Guangxiang  and
Sun, Xu},
 booktitle = {Findings of the Association for Computational Linguistics: ACL 2023},
 pages = {9587--9606},
 title = {Delving into the Openness of {CLIP}},
 year = {2023}
}

@inproceedings{adam,
 author = {Diederik P. Kingma and
Jimmy Ba},
 bibsource = {dblp computer science bibliography, https://dblp.org},
 booktitle = {3rd International Conference on Learning Representations, {ICLR} 2015,
San Diego, CA, USA, May 7-9, 2015, Conference Track Proceedings},
 editor = {Yoshua Bengio and
Yann LeCun},
 timestamp = {Thu, 25 Jul 2019 01:00:00 +0200},
 title = {Adam: {A} Method for Stochastic Optimization},
 year = {2015}
}

@inproceedings{wen2015semantically,
 author = {Wen, Tsung-Hsien  and
Ga{\v{s}}i{\'c}, Milica  and
Mrk{\v{s}}i{\'c}, Nikola  and
Su, Pei-Hao  and
Vandyke, David  and
Young, Steve},
 booktitle = {Proceedings of the 2015 Conference on Empirical Methods in Natural Language Processing},
 doi = {10.18653/v1/D15-1199},
 pages = {1711--1721},
 title = {Semantically Conditioned {LSTM}-based Natural Language Generation for Spoken Dialogue Systems},
 year = {2015}
}

@inproceedings{zhang2014chinese,
 author = {Zhang, Xingxing  and
Lapata, Mirella},
 booktitle = {Proceedings of the 2014 Conference on Empirical Methods in Natural Language Processing ({EMNLP})},
 doi = {10.3115/v1/D14-1074},
 pages = {670--680},
 title = {{C}hinese Poetry Generation with Recurrent Neural Networks},
 year = {2014}
}

@inproceedings{seqgan,
 author = {Lantao Yu and
Weinan Zhang and
Jun Wang and
Yong Yu},
 bibsource = {dblp computer science bibliography, https://dblp.org},
 booktitle = {Proceedings of the Thirty-First {AAAI} Conference on Artificial Intelligence,
February 4-9, 2017, San Francisco, California, {USA}},
 editor = {Satinder P. Singh and
Shaul Markovitch},
 pages = {2852--2858},
 timestamp = {Sun, 21 Apr 2019 01:00:00 +0200},
 title = {SeqGAN: Sequence Generative Adversarial Nets with Policy Gradient},
 year = {2017}
}

@article{chen2019figcap,
 author = {Chen, Charles and Zhang, Ruiyi and Koh, Eunyee and Kim, Sungchul and Cohen, Scott and Yu, Tong and Rossi, Ryan and Bunescu, Razvan},
 journal = {ArXiv preprint},
 title = {Figure captioning with reasoning and sequence-level training},
 volume = {abs/1906.02850},
 year = {2019}
}

@inproceedings{chen2020figcap,
 author = {Chen, Charles and Zhang, Ruiyi and Koh, Eunyee and Kim, Sungchul and Cohen, Scott and Rossi, Ryan},
 booktitle = {Proceedings of the IEEE/CVF Winter Conference on Applications of Computer Vision},
 pages = {1537--1545},
 title = {Figure captioning with relation maps for reasoning},
 year = {2020}
}

@inproceedings{masry2022chartqa,
 author = {Masry, Ahmed  and
Do, Xuan Long  and
Tan, Jia Qing  and
Joty, Shafiq  and
Hoque, Enamul},
 booktitle = {Findings of the Association for Computational Linguistics: ACL 2022},
 doi = {10.18653/v1/2022.findings-acl.177},
 pages = {2263--2279},
 title = {{C}hart{QA}: A Benchmark for Question Answering about Charts with Visual and Logical Reasoning},
 year = {2022}
}

@article{Yang2023SciCap+,
 author = {Zhishen Yang and Raj Dabre and Hideki Tanaka and Naoaki Okazaki},
 journal = {ArXiv preprint},
 title = {SciCap+: A Knowledge Augmented Dataset to Study the Challenges of Scientific Figure Captioning},
 volume = {abs/2306.03491},
 year = {2023}
}

@inproceedings{methani2020plotqa,
 author = {Methani, Nitesh and Ganguly, Pritha and Khapra, Mitesh M and Kumar, Pratyush},
 booktitle = {Proceedings of the IEEE/CVF Winter Conference on Applications of Computer Vision},
 pages = {1527--1536},
 title = {Plotqa: Reasoning over scientific plots},
 year = {2020}
}

@inproceedings{kafle2018dvqa,
 author = {Kushal Kafle and
Brian L. Price and
Scott Cohen and
Christopher Kanan},
 bibsource = {dblp computer science bibliography, https://dblp.org},
 booktitle = {2018 {IEEE} Conference on Computer Vision and Pattern Recognition,
{CVPR} 2018, Salt Lake City, UT, USA, June 18-22, 2018},
 doi = {10.1109/CVPR.2018.00592},
 pages = {5648--5656},
 timestamp = {Wed, 06 Feb 2019 00:00:00 +0100},
 title = {{DVQA:} Understanding Data Visualizations via Question Answering},
 year = {2018}
}

@article{kahou2017figureqa,
 author = {Kahou, Samira Ebrahimi and Michalski, Vincent and Atkinson, Adam and K{\'a}d{\'a}r, {\'A}kos and Trischler, Adam and Bengio, Yoshua},
 journal = {ArXiv preprint},
 title = {Figureqa: An annotated figure dataset for visual reasoning},
 volume = {abs/1710.07300},
 year = {2017}
}

@inproceedings{hsu-etal-2021-scicap-generating,
 author = {Hsu, Ting-Yao  and
Giles, C Lee  and
Huang, Ting-Hao},
 booktitle = {Findings of the Association for Computational Linguistics: EMNLP 2021},
 doi = {10.18653/v1/2021.findings-emnlp.277},
 pages = {3258--3264},
 title = {{S}ci{C}ap: Generating Captions for Scientific Figures},
 year = {2021}
}

@inproceedings{gan2014,
 author = {Ian J. Goodfellow and
Jean Pouget{-}Abadie and
Mehdi Mirza and
Bing Xu and
David Warde{-}Farley and
Sherjil Ozair and
Aaron C. Courville and
Yoshua Bengio},
 bibsource = {dblp computer science bibliography, https://dblp.org},
 booktitle = {Advances in Neural Information Processing Systems 27: Annual Conference
on Neural Information Processing Systems 2014, December 8-13 2014,
Montreal, Quebec, Canada},
 editor = {Zoubin Ghahramani and
Max Welling and
Corinna Cortes and
Neil D. Lawrence and
Kilian Q. Weinberger},
 pages = {2672--2680},
 timestamp = {Thu, 21 Jan 2021 00:00:00 +0100},
 title = {Generative Adversarial Nets},
 year = {2014}
}

@inproceedings{wang2016chinese,
 author = {Wang, Zhe  and
He, Wei  and
Wu, Hua  and
Wu, Haiyang  and
Li, Wei  and
Wang, Haifeng  and
Chen, Enhong},
 booktitle = {Proceedings of {COLING} 2016, the 26th International Conference on Computational Linguistics: Technical Papers},
 pages = {1051--1060},
 title = {{C}hinese Poetry Generation with Planning based Neural Network},
 year = {2016}
}

@inproceedings{yao2018plan,
 author = {Lili Yao and
Nanyun Peng and
Ralph M. Weischedel and
Kevin Knight and
Dongyan Zhao and
Rui Yan},
 bibsource = {dblp computer science bibliography, https://dblp.org},
 booktitle = {The Thirty-Third {AAAI} Conference on Artificial Intelligence, {AAAI}
2019, The Thirty-First Innovative Applications of Artificial Intelligence
Conference, {IAAI} 2019, The Ninth {AAAI} Symposium on Educational
Advances in Artificial Intelligence, {EAAI} 2019, Honolulu, Hawaii,
USA, January 27 - February 1, 2019},
 doi = {10.1609/aaai.v33i01.33017378},
 pages = {7378--7385},
 timestamp = {Tue, 02 Feb 2021 00:00:00 +0100},
 title = {Plan-and-Write: Towards Better Automatic Storytelling},
 year = {2019}
}

@inproceedings{skeleton,
 author = {Xu, Jingjing  and
Ren, Xuancheng  and
Zhang, Yi  and
Zeng, Qi  and
Cai, Xiaoyan  and
Sun, Xu},
 booktitle = {Proceedings of the 2018 Conference on Empirical Methods in Natural Language Processing},
 doi = {10.18653/v1/D18-1462},
 pages = {4306--4315},
 title = {A Skeleton-Based Model for Promoting Coherence Among Sentences in Narrative Story Generation},
 year = {2018}
}

@inproceedings{bleu,
 author = {Papineni, Kishore  and
Roukos, Salim  and
Ward, Todd  and
Zhu, Wei-Jing},
 booktitle = {Proceedings of the 40th Annual Meeting of the Association for Computational Linguistics},
 doi = {10.3115/1073083.1073135},
 pages = {311--318},
 title = {{B}leu: a Method for Automatic Evaluation of Machine Translation},
 year = {2002}
}

@inproceedings{kim2014convolutional,
 author = {Kim, Yoon},
 booktitle = {Proceedings of the 2014 Conference on Empirical Methods in Natural Language Processing ({EMNLP})},
 doi = {10.3115/v1/D14-1181},
 pages = {1746--1751},
 title = {Convolutional Neural Networks for Sentence Classification},
 year = {2014}
}

@inproceedings{sutton2000policy,
 author = {Richard S. Sutton and
David A. McAllester and
Satinder P. Singh and
Yishay Mansour},
 booktitle = {{Advances in Neural Information Processing Systems 12: Annual Conference
on Neural Information Processing Systems 1999}},
 pages = {1057--1063},
 title = {Policy Gradient Methods for Reinforcement Learning with Function Approximation},
 year = {1999}
}

@article{williams1992simple,
 author = {Ronald J. Williams},
 journal = {Machine Learning},
 pages = {229--256},
 title = {Simple Statistical Gradient-Following Algorithms for Connectionist Reinforcement Learning},
 volume = {8},
 year = {1992}
}

@inproceedings{sukhbaatar2015end,
 author = {Sainbayar Sukhbaatar and
Arthur Szlam and
Jason Weston and
Rob Fergus},
 bibsource = {dblp computer science bibliography, https://dblp.org},
 booktitle = {Advances in Neural Information Processing Systems 28: Annual Conference
on Neural Information Processing Systems 2015, December 7-12, 2015,
Montreal, Quebec, Canada},
 editor = {Corinna Cortes and
Neil D. Lawrence and
Daniel D. Lee and
Masashi Sugiyama and
Roman Garnett},
 pages = {2440--2448},
 timestamp = {Thu, 21 Jan 2021 00:00:00 +0100},
 title = {End-To-End Memory Networks},
 year = {2015}
}

@inproceedings{feng2018topic,
 author = {Xiaocheng Feng and
Ming Liu and
Jiahao Liu and
Bing Qin and
Yibo Sun and
Ting Liu},
 bibsource = {dblp computer science bibliography, https://dblp.org},
 booktitle = {Proceedings of the Twenty-Seventh International Joint Conference on
Artificial Intelligence, {IJCAI} 2018, July 13-19, 2018, Stockholm,
Sweden},
 doi = {10.24963/ijcai.2018/567},
 editor = {J{\'{e}}r{\^{o}}me Lang},
 pages = {4078--4084},
 timestamp = {Sun, 25 Oct 2020 01:00:00 +0200},
 title = {Topic-to-Essay Generation with Neural Networks},
 year = {2018}
}

@inproceedings{sutskever2014sequence,
 author = {Ilya Sutskever and
Oriol Vinyals and
Quoc V. Le},
 bibsource = {dblp computer science bibliography, https://dblp.org},
 booktitle = {Advances in Neural Information Processing Systems 27: Annual Conference
on Neural Information Processing Systems 2014, December 8-13 2014,
Montreal, Quebec, Canada},
 editor = {Zoubin Ghahramani and
Max Welling and
Corinna Cortes and
Neil D. Lawrence and
Kilian Q. Weinberger},
 pages = {3104--3112},
 timestamp = {Thu, 21 Jan 2021 00:00:00 +0100},
 title = {Sequence to Sequence Learning with Neural Networks},
 year = {2014}
}

@inproceedings{song2018directional,
 author = {Song, Yan  and
Shi, Shuming  and
Li, Jing  and
Zhang, Haisong},
 booktitle = {Proceedings of the 2018 Conference of the North {A}merican Chapter of the Association for Computational Linguistics: Human Language Technologies, Volume 2 (Short Papers)},
 doi = {10.18653/v1/N18-2028},
 pages = {175--180},
 title = {Directional Skip-Gram: Explicitly Distinguishing Left and Right Context for Word Embeddings},
 year = {2018}
}

@inproceedings{bahdanau2014neural,
 author = {Dzmitry Bahdanau and
Kyunghyun Cho and
Yoshua Bengio},
 bibsource = {dblp computer science bibliography, https://dblp.org},
 booktitle = {3rd International Conference on Learning Representations, {ICLR} 2015,
San Diego, CA, USA, May 7-9, 2015, Conference Track Proceedings},
 editor = {Yoshua Bengio and
Yann LeCun},
 timestamp = {Fri, 29 Mar 2019 00:00:00 +0100},
 title = {Neural Machine Translation by Jointly Learning to Align and Translate},
 year = {2015}
}

@inproceedings{rush2015neural,
 author = {Rush, Alexander M.  and
Chopra, Sumit  and
Weston, Jason},
 booktitle = {Proceedings of the 2015 Conference on Empirical Methods in Natural Language Processing},
 doi = {10.18653/v1/D15-1044},
 pages = {379--389},
 title = {A Neural Attention Model for Abstractive Sentence Summarization},
 year = {2015}
}

@inproceedings{tosa2008hitch,
 author = {Naoko Tosa and
Hideto Obara and
Michihiko Minoh},
 booktitle = {{Entertainment Computing - {ICEC} 2008, 7th International Conference}},
 pages = {209--216},
 title = {Hitch Haiku: An Interactive Supporting System for Composing Haiku
Poem},
 volume = {5309},
 year = {2008}
}

@inproceedings{yan2016poet,
 author = {Rui Yan},
 bibsource = {dblp computer science bibliography, https://dblp.org},
 booktitle = {Proceedings of the Twenty-Fifth International Joint Conference on
Artificial Intelligence, {IJCAI} 2016, New York, NY, USA, 9-15 July
2016},
 editor = {Subbarao Kambhampati},
 pages = {2238--2244},
 timestamp = {Tue, 20 Aug 2019 01:00:00 +0200},
 title = {i, Poet: Automatic Poetry Composition through Recurrent Neural Networks
with Iterative Polishing Schema},
 year = {2016}
}

@inproceedings{zhang2017flexible,
 author = {Zhang, Jiyuan  and
Feng, Yang  and
Wang, Dong  and
Wang, Yang  and
Abel, Andrew  and
Zhang, Shiyue  and
Zhang, Andi},
 booktitle = {Proceedings of the 55th Annual Meeting of the Association for Computational Linguistics (Volume 1: Long Papers)},
 doi = {10.18653/v1/P17-1125},
 pages = {1364--1373},
 title = {Flexible and Creative {C}hinese Poetry Generation Using Neural Memory},
 year = {2017}
}

@inproceedings{yang2018generating,
 author = {Xiaopeng Yang and
Xiaowen Lin and
Shunda Suo and
Ming Li},
 bibsource = {dblp computer science bibliography, https://dblp.org},
 booktitle = {Proceedings of the Twenty-Seventh International Joint Conference on
Artificial Intelligence, {IJCAI} 2018, July 13-19, 2018, Stockholm,
Sweden},
 doi = {10.24963/ijcai.2018/631},
 editor = {J{\'{e}}r{\^{o}}me Lang},
 pages = {4539--4545},
 timestamp = {Tue, 20 Aug 2019 01:00:00 +0200},
 title = {Generating Thematic Chinese Poetry using Conditional Variational Autoencoders
with Hybrid Decoders},
 year = {2018}
}

@inproceedings{yi2018automatic,
 author = {Yi, Xiaoyuan  and
Sun, Maosong  and
Li, Ruoyu  and
Li, Wenhao},
 booktitle = {Proceedings of the 2018 Conference on Empirical Methods in Natural Language Processing},
 doi = {10.18653/v1/D18-1353},
 pages = {3143--3153},
 title = {Automatic Poetry Generation with Mutual Reinforcement Learning},
 year = {2018}
}

@inproceedings{li2018cvae,
 author = {Li, Juntao  and
Song, Yan  and
Zhang, Haisong  and
Chen, Dongmin  and
Shi, Shuming  and
Zhao, Dongyan  and
Yan, Rui},
 booktitle = {Proceedings of the 2018 Conference on Empirical Methods in Natural Language Processing},
 doi = {10.18653/v1/D18-1423},
 pages = {3890--3900},
 title = {Generating Classical {C}hinese Poems via Conditional Variational Autoencoder and Adversarial Training},
 year = {2018}
}

@inproceedings{lewis2018hierarchical,
 author = {Fan, Angela  and
Lewis, Mike  and
Dauphin, Yann},
 booktitle = {Proceedings of the 56th Annual Meeting of the Association for Computational Linguistics (Volume 1: Long Papers)},
 doi = {10.18653/v1/P18-1082},
 pages = {889--898},
 title = {Hierarchical Neural Story Generation},
 year = {2018}
}

@article{jain2017story,
 author = {Jain, Parag and Agrawal, Priyanka and Mishra, Abhijit and Sukhwani, Mohak and Laha, Anirban and Sankaranarayanan, Karthik},
 journal = {ArXiv preprint},
 title = {Story generation from sequence of independent short descriptions},
 volume = {abs/1707.05501},
 year = {2017}
}

@inproceedings{yan2013poet,
 author = {Rui Yan and
Han Jiang and
Mirella Lapata and
Shou{-}De Lin and
Xueqiang Lv and
Xiaoming Li},
 bibsource = {dblp computer science bibliography, https://dblp.org},
 booktitle = {{IJCAI} 2013, Proceedings of the 23rd International Joint Conference
on Artificial Intelligence, Beijing, China, August 3-9, 2013},
 editor = {Francesca Rossi},
 pages = {2197--2203},
 timestamp = {Tue, 20 Aug 2019 01:00:00 +0200},
 title = {i, Poet: Automatic Chinese Poetry Composition through a Generative
Summarization Framework under Constrained Optimization},
 year = {2013}
}

@inproceedings{speer2012representing,
 author = {Speer, Robyn  and
Havasi, Catherine},
 booktitle = {Proceedings of the Eighth International Conference on Language Resources and Evaluation ({LREC}'12)},
 pages = {3679--3686},
 title = {Representing General Relational Knowledge in {C}oncept{N}et 5},
 year = {2012}
}

@article{lstm,
 author = {Sepp Hochreiter and
J{\"{u}}rgen Schmidhuber},
 journal = {Neural Computation},
 number = {8},
 pages = {1735--1780},
 title = {Long Short-Term Memory},
 volume = {9},
 year = {1997}
}

@article{srivastava2015highway,
 author = {Srivastava, Rupesh Kumar and Greff, Klaus and Schmidhuber, J{\"u}rgen},
 journal = {ArXiv preprint},
 title = {Highway networks},
 volume = {abs/1505.00387},
 year = {2015}
}

@inproceedings{li2015diversity,
 author = {Li, Jiwei  and
Galley, Michel  and
Brockett, Chris  and
Gao, Jianfeng  and
Dolan, Bill},
 booktitle = {Proceedings of the 2016 Conference of the North {A}merican Chapter of the Association for Computational Linguistics: Human Language Technologies},
 doi = {10.18653/v1/N16-1014},
 pages = {110--119},
 title = {A Diversity-Promoting Objective Function for Neural Conversation Models},
 year = {2016}
}

@inproceedings{newswritting,
 author = {Lepp{\"a}nen, Leo  and
Munezero, Myriam  and
Granroth-Wilding, Mark  and
Toivonen, Hannu},
 booktitle = {Proceedings of the 10th International Conference on Natural Language Generation},
 doi = {10.18653/v1/W17-3528},
 pages = {188--197},
 title = {Data-Driven News Generation for Automated Journalism},
 year = {2017}
}

@inproceedings{wang2018sentigan,
 author = {Ke Wang and
Xiaojun Wan},
 bibsource = {dblp computer science bibliography, https://dblp.org},
 booktitle = {Proceedings of the Twenty-Seventh International Joint Conference on
Artificial Intelligence, {IJCAI} 2018, July 13-19, 2018, Stockholm,
Sweden},
 doi = {10.24963/ijcai.2018/618},
 editor = {J{\'{e}}r{\^{o}}me Lang},
 pages = {4446--4452},
 timestamp = {Tue, 20 Aug 2019 01:00:00 +0200},
 title = {SentiGAN: Generating Sentimental Texts via Mixture Adversarial Networks},
 year = {2018}
}

@article{dropout,
 author = {Nitish Srivastava and
Geoffrey E. Hinton and
Alex Krizhevsky and
Ilya Sutskever and
Ruslan Salakhutdinov},
 journal = {Journal of Machine Learning Research},
 number = {1},
 pages = {1929--1958},
 title = {Dropout: a simple way to prevent neural networks from overfitting},
 volume = {15},
 year = {2014}
}

@inproceedings{gradientclip,
 author = {Razvan Pascanu and
Tom{\'{a}}s Mikolov and
Yoshua Bengio},
 bibsource = {dblp computer science bibliography, https://dblp.org},
 booktitle = {Proceedings of the 30th International Conference on Machine Learning,
{ICML} 2013, Atlanta, GA, USA, 16-21 June 2013},
 pages = {1310--1318},
 series = {{JMLR} Workshop and Conference Proceedings},
 timestamp = {Mon, 28 Dec 2020 00:00:00 +0100},
 title = {On the difficulty of training recurrent neural networks},
 volume = {28},
 year = {2013}
}

@inproceedings{yang2018sgm,
 author = {Yang, Pengcheng  and
Sun, Xu  and
Li, Wei  and
Ma, Shuming  and
Wu, Wei  and
Wang, Houfeng},
 booktitle = {Proceedings of the 27th International Conference on Computational Linguistics},
 pages = {3915--3926},
 title = {{SGM}: Sequence Generation Model for Multi-label Classification},
 year = {2018}
}

@article{clement2019use,
 author = {Clement, Colin B and Bierbaum, Matthew and O'Keeffe, Kevin P and Alemi, Alexander A},
 journal = {ArXiv preprint},
 title = {On the use of arxiv as a dataset},
 volume = {abs/1905.00075},
 year = {2019}
}

@misc{arxiv.org_submitters_2023,
 author = {arXiv.org submitters},
 doi = {10.34740/KAGGLE/DSV/6947474},
 title = {arXiv Dataset},
 year = {2023}
}

@misc{hu2023mplugpaperowl,
 archiveprefix = {arXiv},
 author = {Anwen Hu and Yaya Shi and Haiyang Xu and Jiabo Ye and Qinghao Ye and Ming Yan and Chenliang Li and Qi Qian and Ji Zhang and Fei Huang},
 eprint = {2311.18248},
 primaryclass = {cs.MM},
 title = {mPLUG-PaperOwl: Scientific Diagram Analysis with the Multimodal Large Language Model},
 year = {2023}
}

@article{qwen,
 author = {Jinze Bai and Shuai Bai and Yunfei Chu and Zeyu Cui and Kai Dang and Xiaodong Deng and Yang Fan and Wenbin Ge and Yu Han and Fei Huang and Binyuan Hui and Luo Ji and Mei Li and Junyang Lin and Runji Lin and Dayiheng Liu and Gao Liu and Chengqiang Lu and Keming Lu and Jianxin Ma and Rui Men and Xingzhang Ren and Xuancheng Ren and Chuanqi Tan and Sinan Tan and Jianhong Tu and Peng Wang and Shijie Wang and Wei Wang and Shengguang Wu and Benfeng Xu and Jin Xu and An Yang and Hao Yang and Jian Yang and Shusheng Yang and Yang Yao and Bowen Yu and Hongyi Yuan and Zheng Yuan and Jianwei Zhang and Xingxuan Zhang and Yichang Zhang and Zhenru Zhang and Chang Zhou and Jingren Zhou and Xiaohuan Zhou and Tianhang Zhu},
 journal = {ArXiv preprint},
 title = {Qwen Technical Report},
 volume = {abs/2309.16609},
 year = {2023}
}

@software{imagemagick,
 author = {{ImageMagick Studio LLC}},
 date = {2023-01-04},
 title = {ImageMagick},
 version = {7.0.10}
}

@misc{kinney2023semantic,
 archiveprefix = {arXiv},
 author = {Rodney Kinney and Chloe Anastasiades and Russell Authur and Iz Beltagy and Jonathan Bragg and Alexandra Buraczynski and Isabel Cachola and Stefan Candra and Yoganand Chandrasekhar and Arman Cohan and Miles Crawford and Doug Downey and Jason Dunkelberger and Oren Etzioni and Rob Evans and Sergey Feldman and Joseph Gorney and David Graham and Fangzhou Hu and Regan Huff and Daniel King and Sebastian Kohlmeier and Bailey Kuehl and Michael Langan and Daniel Lin and Haokun Liu and Kyle Lo and Jaron Lochner and Kelsey MacMillan and Tyler Murray and Chris Newell and Smita Rao and Shaurya Rohatgi and Paul Sayre and Zejiang Shen and Amanpreet Singh and Luca Soldaini and Shivashankar Subramanian and Amber Tanaka and Alex D. Wade and Linda Wagner and Lucy Lu Wang and Chris Wilhelm and Caroline Wu and Jiangjiang Yang and Angele Zamarron and Madeleine Van Zuylen and Daniel S. Weld},
 eprint = {2301.10140},
 primaryclass = {cs.DL},
 title = {The Semantic Scholar Open Data Platform},
 year = {2023}
}

