@inproceedings{bao2023all,
  title={All are worth words: A vit backbone for diffusion models},
  author={Bao, Fan and Nie, Shen and Xue, Kaiwen and Cao, Yue and Li, Chongxuan and Su, Hang and Zhu, Jun},
  booktitle={Proceedings of the IEEE/CVF conference on computer vision and pattern recognition},
  pages={22669--22679},
  year={2023}
}

@inproceedings{peebles2023scalable,
  title={Scalable diffusion models with transformers},
  author={Peebles, William and Xie, Saining},
  booktitle={Proceedings of the IEEE/CVF International Conference on Computer Vision},
  pages={4195--4205},
  year={2023}
}

@inproceedings{cai2024condition,
  title={Condition-Aware Neural Network for Controlled Image Generation},
  author={Cai, Han and Li, Muyang and Zhang, Qinsheng and Liu, Ming-Yu and Han, Song},
  booktitle={Proceedings of the IEEE/CVF Conference on Computer Vision and Pattern Recognition},
  pages={7194--7203},
  year={2024}
}

@inproceedings{rombach2022high,
  title={High-resolution image synthesis with latent diffusion models},
  author={Rombach, Robin and Blattmann, Andreas and Lorenz, Dominik and Esser, Patrick and Ommer, Bj{\"o}rn},
  booktitle={Proceedings of the IEEE/CVF conference on computer vision and pattern recognition},
  pages={10684--10695},
  year={2022}
}

@inproceedings{esser2024scaling,
  title={Scaling rectified flow transformers for high-resolution image synthesis},
  author={Esser, Patrick and Kulal, Sumith and Blattmann, Andreas and Entezari, Rahim and M{\"u}ller, Jonas and Saini, Harry and Levi, Yam and Lorenz, Dominik and Sauer, Axel and Boesel, Frederic and others},
  booktitle={Forty-first International Conference on Machine Learning},
  year={2024}
}

@inproceedings{li2024distrifusion,
  title={Distrifusion: Distributed parallel inference for high-resolution diffusion models},
  author={Li, Muyang and Cai, Tianle and Cao, Jiaxin and Zhang, Qinsheng and Cai, Han and Bai, Junjie and Jia, Yangqing and Li, Kai and Han, Song},
  booktitle={Proceedings of the IEEE/CVF Conference on Computer Vision and Pattern Recognition},
  pages={7183--7193},
  year={2024}
}

@article{dai2023emu,
  title={Emu: Enhancing image generation models using photogenic needles in a haystack},
  author={Dai, Xiaoliang and Hou, Ji and Ma, Chih-Yao and Tsai, Sam and Wang, Jialiang and Wang, Rui and Zhang, Peizhao and Vandenhende, Simon and Wang, Xiaofang and Dubey, Abhimanyu and others},
  journal={arXiv preprint arXiv:2309.15807},
  year={2023}
}

@article{van2017neural,
  title={Neural discrete representation learning},
  author={Van Den Oord, Aaron and Vinyals, Oriol and others},
  journal={Advances in neural information processing systems},
  volume={30},
  year={2017}
}

@inproceedings{esser2021taming,
  title={Taming transformers for high-resolution image synthesis},
  author={Esser, Patrick and Rombach, Robin and Ommer, Bjorn},
  booktitle={Proceedings of the IEEE/CVF conference on computer vision and pattern recognition},
  pages={12873--12883},
  year={2021}
}

@inproceedings{yin2024one,
  title={One-step diffusion with distribution matching distillation},
  author={Yin, Tianwei and Gharbi, Micha{\"e}l and Zhang, Richard and Shechtman, Eli and Durand, Fredo and Freeman, William T and Park, Taesung},
  booktitle={Proceedings of the IEEE/CVF Conference on Computer Vision and Pattern Recognition},
  pages={6613--6623},
  year={2024}
}

@article{yin2024improved,
  title={Improved Distribution Matching Distillation for Fast Image Synthesis},
  author={Yin, Tianwei and Gharbi, Micha{\"e}l and Park, Taesung and Zhang, Richard and Shechtman, Eli and Durand, Fredo and Freeman, William T},
  journal={arXiv preprint arXiv:2405.14867},
  year={2024}
}

@inproceedings{salimans2022progressive,
  title={Progressive Distillation for Fast Sampling of Diffusion Models},
  author={Salimans, Tim and Ho, Jonathan},
  booktitle={International Conference on Learning Representations},
  year={2022}
}

@inproceedings{meng2023distillation,
  title={On distillation of guided diffusion models},
  author={Meng, Chenlin and Rombach, Robin and Gao, Ruiqi and Kingma, Diederik and Ermon, Stefano and Ho, Jonathan and Salimans, Tim},
  booktitle={Proceedings of the IEEE/CVF Conference on Computer Vision and Pattern Recognition},
  pages={14297--14306},
  year={2023}
}

@article{li2022efficient,
  title={Efficient spatially sparse inference for conditional gans and diffusion models},
  author={Li, Muyang and Lin, Ji and Meng, Chenlin and Ermon, Stefano and Han, Song and Zhu, Jun-Yan},
  journal={Advances in neural information processing systems},
  volume={35},
  pages={28858--28873},
  year={2022}
}

@inproceedings{li2023q,
  title={Q-diffusion: Quantizing diffusion models},
  author={Li, Xiuyu and Liu, Yijiang and Lian, Long and Yang, Huanrui and Dong, Zhen and Kang, Daniel and Zhang, Shanghang and Keutzer, Kurt},
  booktitle={Proceedings of the IEEE/CVF International Conference on Computer Vision},
  pages={17535--17545},
  year={2023}
}

@article{li2024snapfusion,
  title={Snapfusion: Text-to-image diffusion model on mobile devices within two seconds},
  author={Li, Yanyu and Wang, Huan and Jin, Qing and Hu, Ju and Chemerys, Pavlo and Fu, Yun and Wang, Yanzhi and Tulyakov, Sergey and Ren, Jian},
  journal={Advances in Neural Information Processing Systems},
  volume={36},
  year={2024}
}

@article{lu2022dpm,
  title={Dpm-solver: A fast ode solver for diffusion probabilistic model sampling in around 10 steps},
  author={Lu, Cheng and Zhou, Yuhao and Bao, Fan and Chen, Jianfei and Li, Chongxuan and Zhu, Jun},
  journal={Advances in Neural Information Processing Systems},
  volume={35},
  pages={5775--5787},
  year={2022}
}

@article{zhao2024unipc,
  title={Unipc: A unified predictor-corrector framework for fast sampling of diffusion models},
  author={Zhao, Wenliang and Bai, Lujia and Rao, Yongming and Zhou, Jie and Lu, Jiwen},
  journal={Advances in Neural Information Processing Systems},
  volume={36},
  year={2024}
}

@inproceedings{zhanggddim,
  title={gDDIM: Generalized denoising diffusion implicit models},
  author={Zhang, Qinsheng and Tao, Molei and Chen, Yongxin},
  booktitle={International Conference on Learning Representations},
  year={2023}
}

@inproceedings{zhangfast,
  title={Fast Sampling of Diffusion Models with Exponential Integrator},
  author={Zhang, Qinsheng and Chen, Yongxin},
  booktitle={The Eleventh International Conference on Learning Representations},
  year={2023}
}

@article{flux2024,
  author    = {Black Forest Labs},
  title     = {Flux},
  year      = {2024},
  journal   = {Online},
  url       = {https://github.com/black-forest-labs/flux}
}

@inproceedings{song2023consistency,
  title={Consistency Models},
  author={Song, Yang and Dhariwal, Prafulla and Chen, Mark and Sutskever, Ilya},
  booktitle={International Conference on Machine Learning},
  pages={32211--32252},
  year={2023},
  organization={PMLR}
}

@article{luo2023latent,
  title={Latent consistency models: Synthesizing high-resolution images with few-step inference},
  author={Luo, Simian and Tan, Yiqin and Huang, Longbo and Li, Jian and Zhao, Hang},
  journal={arXiv preprint arXiv:2310.04378},
  year={2023}
}

@article{shih2024parallel,
  title={Parallel sampling of diffusion models},
  author={Shih, Andy and Belkhale, Suneel and Ermon, Stefano and Sadigh, Dorsa and Anari, Nima},
  journal={Advances in Neural Information Processing Systems},
  volume={36},
  year={2024}
}

@article{he2024ptqd,
  title={Ptqd: Accurate post-training quantization for diffusion models},
  author={He, Yefei and Liu, Luping and Liu, Jing and Wu, Weijia and Zhou, Hong and Zhuang, Bohan},
  journal={Advances in Neural Information Processing Systems},
  volume={36},
  year={2024}
}

@article{fang2024structural,
  title={Structural Pruning for Diffusion Models},
  author={Fang, Gongfan and Ma, Xinyin and Wang, Xinchao},
  journal={Advances in Neural Information Processing Systems},
  volume={36},
  year={2024}
}

@inproceedings{tang2024accelerating,
  title={Accelerating parallel sampling of diffusion models},
  author={Tang, Zhiwei and Tang, Jiasheng and Luo, Hao and Wang, Fan and Chang, Tsung-Hui},
  booktitle={Forty-first International Conference on Machine Learning},
  year={2024}
}

@inproceedings{songdenoising,
  title={Denoising Diffusion Implicit Models},
  author={Song, Jiaming and Meng, Chenlin and Ermon, Stefano},
  booktitle={International Conference on Learning Representations},
  year={2021}
}

@article{lu2022dpm2,
  title={Dpm-solver++: Fast solver for guided sampling of diffusion probabilistic models},
  author={Lu, Cheng and Zhou, Yuhao and Bao, Fan and Chen, Jianfei and Li, Chongxuan and Zhu, Jun},
  journal={arXiv preprint arXiv:2211.01095},
  year={2022}
}

@article{zheng2023dpm,
  title={Dpm-solver-v3: Improved diffusion ode solver with empirical model statistics},
  author={Zheng, Kaiwen and Lu, Cheng and Chen, Jianfei and Zhu, Jun},
  journal={Advances in Neural Information Processing Systems},
  volume={36},
  pages={55502--55542},
  year={2023}
}

@article{wang2024pipefusion,
  title={PipeFusion: Displaced Patch Pipeline Parallelism for Inference of Diffusion Transformer Models},
  author={Wang, Jiannan and Fang, Jiarui and Li, Aoyu and Yang, PengCheng},
  journal={arXiv preprint arXiv:2405.14430},
  year={2024}
}

@article{liu2024linfusion,
  title={LinFusion: 1 GPU, 1 Minute, 16K Image},
  author={Liu, Songhua and Yu, Weihao and Tan, Zhenxiong and Wang, Xinchao},
  journal={arXiv preprint arXiv:2409.02097},
  year={2024}
}

@inproceedings{liu2023instaflow,
  title={Instaflow: One step is enough for high-quality diffusion-based text-to-image generation},
  author={Liu, Xingchao and Zhang, Xiwen and Ma, Jianzhu and Peng, Jian and others},
  booktitle={The Twelfth International Conference on Learning Representations},
  year={2023}
}

@inproceedings{chenpixart,
  title={PixArt-$\alpha$: Fast Training of Diffusion Transformer for Photorealistic Text-to-Image Synthesis},
  author={Chen, Junsong and Jincheng, YU and Chongjian, GE and Yao, Lewei and Xie, Enze and Wang, Zhongdao and Kwok, James and Luo, Ping and Lu, Huchuan and Li, Zhenguo},
  booktitle={International Conference on Learning Representations},
  year={2024}
}

@article{chen2024pixart,
  title={Pixart-$\sigma$: Weak-to-strong training of diffusion transformer for 4k text-to-image generation},
  author={Chen, Junsong and Ge, Chongjian and Xie, Enze and Wu, Yue and Yao, Lewei and Ren, Xiaozhe and Wang, Zhongdao and Luo, Ping and Lu, Huchuan and Li, Zhenguo},
  journal={arXiv preprint arXiv:2403.04692},
  year={2024}
}

@article{zhao2024vidit,
  title={ViDiT-Q: Efficient and Accurate Quantization of Diffusion Transformers for Image and Video Generation},
  author={Zhao, Tianchen and Fang, Tongcheng and Liu, Enshu and Rui, Wan and Soedarmadji, Widyadewi and Li, Shiyao and Lin, Zinan and Dai, Guohao and Yan, Shengen and Yang, Huazhong and others},
  journal={arXiv preprint arXiv:2406.02540},
  year={2024}
}

@inproceedings{ma2024deepcache,
  title={Deepcache: Accelerating diffusion models for free},
  author={Ma, Xinyin and Fang, Gongfan and Wang, Xinchao},
  booktitle={Proceedings of the IEEE/CVF Conference on Computer Vision and Pattern Recognition},
  pages={15762--15772},
  year={2024}
}

@inproceedings{deng2009imagenet,
  title={Imagenet: A large-scale hierarchical image database},
  author={Deng, Jia and Dong, Wei and Socher, Richard and Li, Li-Jia and Li, Kai and Fei-Fei, Li},
  booktitle={2009 IEEE conference on computer vision and pattern recognition},
  pages={248--255},
  year={2009},
  organization={Ieee}
}

@inproceedings{cai2023efficientvit,
  title={Efficientvit: Lightweight multi-scale attention for high-resolution dense prediction},
  author={Cai, Han and Li, Junyan and Hu, Muyan and Gan, Chuang and Han, Song},
  booktitle={Proceedings of the IEEE/CVF International Conference on Computer Vision},
  pages={17302--17313},
  year={2023}
}

@article{hornik1989multilayer,
  title={Multilayer feedforward networks are universal approximators},
  author={Hornik, Kurt and Stinchcombe, Maxwell and White, Halbert},
  journal={Neural networks},
  volume={2},
  number={5},
  pages={359--366},
  year={1989},
  publisher={Elsevier}
}

@inproceedings{he2016deep,
  title={Deep residual learning for image recognition},
  author={He, Kaiming and Zhang, Xiangyu and Ren, Shaoqing and Sun, Jian},
  booktitle={Proceedings of the IEEE conference on computer vision and pattern recognition},
  pages={770--778},
  year={2016}
}

@inproceedings{kirillov2023segment,
  title={Segment anything},
  author={Kirillov, Alexander and Mintun, Eric and Ravi, Nikhila and Mao, Hanzi and Rolland, Chloe and Gustafson, Laura and Xiao, Tete and Whitehead, Spencer and Berg, Alexander C and Lo, Wan-Yen and others},
  booktitle={Proceedings of the IEEE/CVF International Conference on Computer Vision},
  pages={4015--4026},
  year={2023}
}

@inproceedings{neuhold2017mapillary,
  title={The mapillary vistas dataset for semantic understanding of street scenes},
  author={Neuhold, Gerhard and Ollmann, Tobias and Rota Bulo, Samuel and Kontschieder, Peter},
  booktitle={Proceedings of the IEEE international conference on computer vision},
  pages={4990--4999},
  year={2017}
}

@inproceedings{karras2019style,
  title={A style-based generator architecture for generative adversarial networks},
  author={Karras, Tero and Laine, Samuli and Aila, Timo},
  booktitle={Proceedings of the IEEE/CVF conference on computer vision and pattern recognition},
  pages={4401--4410},
  year={2019}
}

@article{li2024playground,
  title={Playground v2. 5: Three insights towards enhancing aesthetic quality in text-to-image generation},
  author={Li, Daiqing and Kamko, Aleks and Akhgari, Ehsan and Sabet, Ali and Xu, Linmiao and Doshi, Suhail},
  journal={arXiv preprint arXiv:2402.17245},
  year={2024}
}

@inproceedings{ansel2024pytorch,
  title={Pytorch 2: Faster machine learning through dynamic python bytecode transformation and graph compilation},
  author={Ansel, Jason and Yang, Edward and He, Horace and Gimelshein, Natalia and Jain, Animesh and Voznesensky, Michael and Bao, Bin and Bell, Peter and Berard, David and Burovski, Evgeni and others},
  booktitle={Proceedings of the 29th ACM International Conference on Architectural Support for Programming Languages and Operating Systems, Volume 2},
  pages={929--947},
  year={2024}
}

@article{cai2020tinytl,
  title={Tinytl: Reduce memory, not parameters for efficient on-device learning},
  author={Cai, Han and Gan, Chuang and Zhu, Ligeng and Han, Song},
  journal={Advances in Neural Information Processing Systems},
  volume={33},
  pages={11285--11297},
  year={2020}
}

@article{podell2023sdxl,
  title={Sdxl: Improving latent diffusion models for high-resolution image synthesis},
  author={Podell, Dustin and English, Zion and Lacey, Kyle and Blattmann, Andreas and Dockhorn, Tim and M{\"u}ller, Jonas and Penna, Joe and Rombach, Robin},
  journal={arXiv preprint arXiv:2307.01952},
  year={2023}
}

@article{zhu2023designing,
  title={Designing a better asymmetric vqgan for stablediffusion},
  author={Zhu, Zixin and Feng, Xuelu and Chen, Dongdong and Bao, Jianmin and Wang, Le and Chen, Yinpeng and Yuan, Lu and Hua, Gang},
  journal={arXiv preprint arXiv:2306.04632},
  year={2023}
}

@inproceedings{shi2016real,
  title={Real-time single image and video super-resolution using an efficient sub-pixel convolutional neural network},
  author={Shi, Wenzhe and Caballero, Jose and Husz{\'a}r, Ferenc and Totz, Johannes and Aitken, Andrew P and Bishop, Rob and Rueckert, Daniel and Wang, Zehan},
  booktitle={Proceedings of the IEEE conference on computer vision and pattern recognition},
  pages={1874--1883},
  year={2016}
}
